3900 5725
1001 450 1041 529 at
1083 489 1123 511 -ό

483 624 551 702 iam
572 634 781 717 Peerlkampi
803 633 935 718 singula
957 632 1192 715 perlustramus
1215 636 1418 715 argumenta

479 743 534 812 Ad
564 767 595 807 v.
626 749 653 806 5.
682 747 835 808 annotat:
875 743 984 823 „Haec
1012 742 1143 826 longius
1173 747 1327 825 separata
1356 746 1433 811 sunt
1462 762 1482 806 a
1509 732 1639 818 nomiae
1682 732 1742 804 Γ

396 853 599 921 Maecenatis
627 872 732 935 neque
762 871 834 914 oum
862 850 991 934 reliqua
1020 850 1168 920 oratione
1198 848 1380 923 cohaerent.
1429 848 1477 928 Et
1501 869 1566 938 qua
1588 848 1640 927 do·

397 962 504 1030 ctrina
525 982 607 1044 opus
628 968 717 1038 erat,
740 965 778 1031 ut
798 958 893 1023 homo
914 957 1083 1023 Romanus
1105 958 1221 1036 sciret,
1245 957 1324 1041 quid
1344 963 1454 1029 essent
1474 957 1639 1026 Matrona-

396 1070 441 1133 lia
464 1067 518 1151 (l),
548 1090 631 1153 quae
662 1068 837 1151 quotannis
858 1065 1020 1132 redibant.
1072 1063 1108 1129 Si
1129 1087 1206 1130 vcro
1229 1066 1272 1131 ad
1292 1065 1515 1135 idacieudum
1536 1066 1641 1149 requi-

395 1183 522 1242 reretur
543 1176 701 1255 doctrina,
724 1197 782 1250 cur
802 1173 971 1254 (Ξαᾳθοαῖιι

409 1337 411 1341 ⁴
477 1309 624 1375 Primum
644 1308 853 1391 Peerlkampi
875 1315 1105 1394 argumentum
1126 1308 1255 1373 nullum
1277 1315 1340 1389 est;
1368 1330 1443 1381 nam
1470 1310 1639 1375 Maecena·

394 1420 439 1483 tis
466 1439 583 1483 nomen
612 1418 741 1483 omnino
764 1416 847 1481 nihil
868 1417 911 1481 ad
931 1438 1013 1496 rem;
1049 1417 1207 1483 Horatius
1230 1405 1371 1481 amicum
1393 1417 1578 1501 alloquitur
1595 1420 1638 1485 io·

393 1526 497 1590 euluri
518 1526 647 1591 nomine
672 1525 804 1605 ‚,docte“
829 1523 920 1608 („Du
939 1525 1104 1610 gelehrtes
1125 1524 1254 1607 Haud)
1278 1524 1320 1607 *l
1365 1525 1439 1591 Our
1461 1528 1638 1594 romulae·

394 1636 520 1705 certatis
541 1656 660 1707 nomen
679 1636 714 1706 in
735 1657 766 1698 v.
790 1640 837 1710 13.
860 1634 990 1710 demum
1010 1634 1156 1718 posuerit
1178 1642 1286 1718 potita,
1307 1634 1395 1706 infra
1409 1634 1453 1721 (p.
1467 1634 1521 1718 39)
1533 1643 1638 1734 osten·

394 1742 484 1822 dam;
505 1742 755 1825 Peerlkampius
776 1742 896 1819 Horati
918 1744 1095 1816 artificium
1117 1743 1293 1828 ignorauit.
1307 1780 1350 1791 -
1363 1742 1415 1822 Aa
1436 1765 1476 1820 na
1498 1739 1638 1826 facetias

394 1851 525 1935 quidem
546 1850 713 1925 intellexit
734 1857 862 1934 poetae.
912 1851 1038 1930 Idcirco
1068 1852 1171 1931 enim,
1201 1851 1278 1934 quia
1307 1851 1433 1932 nulla,
1463 1853 1636 1932 minime·

393 1980 463 2042 quc
492 1958 643 2032 Graeca
670 1960 849 2042 requiritur
876 1958 1043 2039 doctrina,
1071 1958 1198 2024 urbana
1223 1980 1296 2025 cum
1318 1959 1496 2034 dicacitate
1517 1962 1638 2043 iocular

391 2075 448 2135 tur
469 2069 503 2131 in
524 2067 742 2151 multiplicem
762 2068 954 2150 variamque
975 2067 1158 2141 doctrinam
1180 2069 1287 2133 amici.
1305 2067 1358 2152 *il
1407 2069 1523 2156 Neque
1549 2072 1638 2156 quid-

392 2197 490 2259 quarn
511 2176 704 2252 offensionis,
721 2175 845 2252 habent
866 2175 986 2257 verba,
1013 2178 1042 2239 si
1064 2195 1137 2240 eum
1158 2176 1309 2241 Bentleio
1334 2179 1534 2258 ‚,sermones“
1557 2179 1637 2266 legi-
1672 2194 1673 2197 ’

391 2306 463 2350 mus
485 2292 519 2351 et
544 2285 693 2365 „litteras
715 2284 916 2361 Graecorum
938 2290 972 2350 et
994 2284 1234 2354 Romanorum“
1261 2285 1488 2368 intelligimus.
1538 2287 1635 2359 Deui-

391 2414 454 2475 que
476 2394 505 2465 si
525 2393 656 2478 signum
677 2393 951 2477 interrogationis,
968 2393 1169 2474 subiicimm,
1192 2395 1313 2478 optime
1329 2416 1402 2475 cum
1422 2396 1551 2482 reliqua
1567 2420 1635 2477 ora-

389 2502 480 2574 tioue
502 2500 686 2577 cohaerent.
729 2500 843 2568 Verba
863 2502 953 2573 enim-
974 2524 1147 2584 „voveram
1162 2552 1292 2568 .....
1296 2503 1311 2534 “
1335 2510 1414 2584 sunt
1433 2528 1635 2591 responsum,

391 2608 477 2692 quod
506 2610 576 2693 ipse
605 2609 764 2688 Horatius
792 2611 924 2686 sibimet
944 2612 1167 2696 interroganti
1186 2613 1370 2697 mirataque
1393 2615 1500 2699 amico.
1517 2615 1634 2697 reddit,

390 2737 494 2800 neque
521 2718 638 2794 melior
668 2719 906 2797 sententiarum
935 2720 1102 2803 copulatio
1131 2727 1241 2804 potest
1272 2742 1360 2802 esse,
1403 2743 1504 2805 quam
1532 2724 1633 2805 nulla,

390 2845 487 2908 quam
509 2824 660 2911 abrupta.
704 2826 919 2905 Scribendum
940 2836 1004 2893 est:

587 3156 692 3223 Docte
714 3177 880 3233 sermones
898 3157 1070 3239 utriusque
1091 3156 1246 3242 linguae?
1268 3193 1308 3201 -

586 3265 750 3341 Voucram
771 3314 992 3328 ........
997 3266 1012 3297 “
1093 3311 1095 3314 ⁴

387 3381 489 3456 atque
509 3374 715 3449 vertendum:

472 3507 556 3588 „uu
577 3507 746 3579 moero
767 3509 851 3589 dish,
873 3465 916 3574 ou
939 3509 1104 3595 gennesa
1126 3510 1235 3589 uass,
1258 3531 1326 3574 was
1347 3509 1401 3574 nh
1422 3510 1631 3599 runggeseue

387 3617 505 3681 heute
527 3615 661 3680 mache?
683 3651 724 3662 —-
746 3616 808 3681 Ich.
825 3617 925 3690 hatte
943 3619 1015 3706 dem
1036 3618 1137 3682 Liber
1158 3618 1211 3682 ein
1233 3617 1407 3687 Baokohsn
1428 3619 1555 3705 gelobt,
1578 3621 1632 3688 da·

386 3724 476 3793 mals
498 3724 552 3789 ala
576 3725 662 3823 mich
691 3724 747 3789 der
774 3725 851 3790 usu
879 3726 936 3791 des
964 3725 1112 3791 Boumes
1139 3725 1278 3791 beinahe
1307 3726 1498 3813 erschlagen
1526 3729 1628 3796 h'atte.

385 3831 526 3897 Dieser
548 3832 620 3919 'lag
642 3830 704 3897 soll
725 3832 942 3919 alljahrliohr.
966 3884 973 3896 .
997 3885 1003 3897 .
1029 3836 1055 3898 .“

468 3989 499 4031 v.
524 3972 551 4030 7.
572 3967 753 4032 funeratus.
796 3966 1059 4052 Peerlkampius:
1085 3989 1190 4049 „nova
1211 3974 1244 4034 et
1266 3968 1373 4035 adhuc
1394 3971 1544 4038 inaudita
1566 3975 1629 4060 sig⁴
1665 3942 1691 4025 ll

385 4075 560 4140 nificatio.“
583 4110 625 4119 —
646 4075 753 4159 Atqui
773 4077 947 4160 perspicua
973 4075 1158 4160 („sepulcro
1179 4076 1343 4143 traditus“
1367 4109 1408 4123 -
1429 4078 1559 4164 Ritterl
1577 4103 1630 4147 ne·

386 4205 448 4267 que
470 4191 587 4268 pocta
608 4183 759 4268 indigum
788 4184 920 4250 minime
941 4207 1018 4250 vero
1042 4191 1231 4253 causatum
1254 4188 1383 4271 gravis,
1405 4195 1443 4253 ut
1464 4209 1539 4254 una
1562 4211 1628 4256 car·

385 4293 482 4356 minis
504 4292 668 4357 infirmare
689 4292 794 4375 possit
816 4294 1049 4359 auctoritatem
1070 4293 1297 4360 Horatianam.

467 4423 498 4465 v.
529 4407 577 4464 14.
607 4400 746 4466 Centum
773 4402 896 4485 cyathi.
951 4401 1214 4486 Peerlkampius:
1251 4403 1421 4482 „Subrium
1450 4407 1631 4477 homineml
1663 4404 1713 4462 Μ

419 4621 447 4684 l)
466 4618 534 4673 Sunt
550 4619 604 4673 alia
622 4635 725 4690 quoque
743 4618 903 4690 partieipia,
921 4636 988 4688 quae
1006 4619 1233 4674 substantivorum
1252 4620 1279 4672 vi
1297 4626 1421 4687 utuntur,
1450 4623 1526 4682 velut
1540 4624 1631 4690 „litte

466 4717 548 4779 ratus,
566 4708 736 4767 advocatum

400 4804 450 4869 *it
469 4801 509 4856 Ct'.
527 4803 606 4857 etiam
625 4803 659 4858 ad
678 4803 703 4858 lr.
722 4805 739 4856 l.
757 4803 842 4857 Orelli
859 4809 886 4857 et
903 4803 1025 4882 Dillcub.¹
1039 4821 1100 4858 ann.

1277 4893 1329 4959 3³¹.
