3900 5725
830 437 1039 496 ..27-

310 599 405 684 clear,
435 607 564 668 ceterae
594 620 712 666 causae
733 631 775 646 -
798 599 919 681 „Iubae
941 600 1042 665 tellus
1067 621 1132 665 non
1155 599 1238 666 satis
1260 599 1415 666 distincte
1436 599 1557 664 indica-

309 715 349 776 ta
370 758 378 774 .
401 759 409 773 .
433 758 440 773 .
464 706 490 772 .“
514 707 716 774 -leviores
738 715 825 795 sunt,
846 730 943 792 quam
964 714 1004 774 ut
1026 708 1179 793 strophae
1200 708 1435 776 auctoritatem
1455 707 1556 774 Hora

309 816 438 884 tianam
460 823 647 902 suspectam
667 816 800 883 reddere
821 818 957 901 possint.

393 949 523 1031 Restat,
544 956 584 1016 ut
605 948 644 1016 de
665 951 770 1016 forma
790 951 889 1015 huius
910 950 1065 1035 strophae
1085 951 1245 1017 nonnulla
1267 972 1435 1036 exponam.
1464 951 1557 1026 Quae
1593 935 1612 1021 l
1618 933 1643 1017 11
1655 913 1697 1061 J
1698 969 1708 998 ·

310 1059 419 1146 magis
439 1057 625 1126 Horatiana
645 1060 702 1124 vix
722 1063 833 1144 potest
855 1080 935 1124 esse.
985 1057 1109 1124 Videas
1136 1080 1256 1143 quaeso
1277 1059 1362 1124 hanc
1384 1053 1558 1124 verborum

310 1167 589 1235 distributionem:

513 1344 528 1376 „
553 1343 837 1359 ..........
860 1294 1049 1360 militaris

510 1402 687 1470 Daunias
709 1404 783 1470 lotia
805 1399 1090 1471 1111111111.ιι

312 1509 362 1580 Of.
382 1509 466 1576 Pars
486 1511 532 1593 Π,
552 1511 589 1576 Β.
610 1512 763 1580 iio-130
784 1512 845 1577 No.
868 1511 940 1579 1⁰.

396 1645 485 1711 Bene
507 1647 607 1711 etiam
629 1647 682 1712 hic
704 1645 877 1712 verborum
898 1644 1033 1729 profluit
1055 1644 1146 1710 ordo:

515 1754 602 1836 „Nec
621 1754 726 1821 Iubae
747 1756 847 1821 tellus
869 1760 1006 1841 generat
1027 1753 1160 1819 leonum

511 1862 617 1930 Asida
637 1864 779 1928 nutrix.“

397 1987 438 2053 In
460 2008 526 2074 qua
546 1990 678 2074 periodo
699 1988 898 2055 vocabulum
921 1987 1095 2074 ,1110111ιι
1120 1988 1242 2072 optime
1269 1985 1444 2052 intercedit
1472 1987 1560 2051 inter

313 2097 527 2164 substantiva
550 2098 687 2179 „tellus“
712 2105 746 2164 et
770 2097 938 2180 „nutrix“,
969 2119 1107 2182 quorum
1133 2102 1309 2180 utrumque
1339 2095 1486 2181 genitivo
1509 2116 1560 2160 10-

314 2207 463 2274 curatius
484 2205 691 2273 describitur.

397 2339 503 2407 Venio
524 2362 612 2406 nunc
636 2341 678 2407 ad
698 2341 814 2407 Lehrsi
835 2342 1002 2406 iudicium,
1047 2339 1112 2416 Qui
1133 2362 1199 2405 non
1222 2344 1397 2405 contentus
1419 2343 1561 2422 quatuor

294 2471 337 2516 ,1
355 2447 585 2535 Peerlkampio
607 2449 757 2516 versibus
782 2451 928 2515 excussis
954 2451 1111 2516 maiorem
1137 2449 1291 2514 carminis
1312 2454 1440 2533 partem
1462 2447 1561 2513 cavil-

312 2557 440 2626 latione
461 2579 523 2625 sua
544 2559 754 2645 impugnavit
775 2567 809 2626 et
832 2561 1029 2644 amputavit.

397 2689 588 2777 Antequam
613 2715 689 2760 vero
716 2701 911 2780 argumenta
937 2695 1007 2759 eius
1033 2694 1224 2778 penderem,
1254 2693 1293 2758 de
1315 2693 1469 2758 universa
1495 2713 1562 2758 car·

315 2801 413 2869 minis
435 2802 623 2870 condicione
655 2824 762 2889 pauca
786 2805 882 2870 iuvat
915 2804 1023 2869 facere
1051 2803 1162 2868 verba.
1196 2839 1235 2848 -
1263 2803 1384 2870 Horati
1410 2802 1497 2867 enim
1525 2802 1561 2866 in

316 2911 483 2979 condendo
506 2914 649 2978 carmine
671 2934 833 2978 summum
857 2912 1029 2978 consilium
1050 2913 1085 2978 id
1106 2919 1188 2994 erat,
1208 2918 1248 2978 ut
1260 2912 1368 2978 Fusco
1390 2911 1563 2978 11110111-

314 3028 372 3088 tae
400 3021 621 3090 innocentiam
650 3018 748 3110 grata
778 3022 918 3109 quadam
949 3030 983 3088 et
1013 3043 1150 3087 amoena
1175 3023 1304 3087 ratione
1327 3020 1562 3105 comprobaret.

316 3130 413 3207 Quod
440 3153 506 3196 non
535 3131 642 3197 sterili
664 3131 814 3196 doctrina
836 3136 1047 3198 consectatur
1068 3138 1183 3216 poeta,
1222 3131 1279 3196 scd
1306 3128 1562 3210 narrationibus,

316 3240 491 3325 exemplis,
526 3240 737 3327 imaginibus.
793 3239 907 3324 Atque
936 3241 998 3306 hoc
1026 3242 1097 3326 ipso
1128 3241 1271 3305 carmine
1292 3239 1451 3304 Horatius
1472 3259 1563 3323 prae-

316 3350 405 3415 claro
428 3349 568 3416 artificio
590 3370 669 3415 usus
692 3352 892 3417 sententiam
912 3358 1008 3437 grato
1032 3351 1162 3416 ornavit
1183 3350 1264 3414 ioco.
1298 3348 1385 3413 Nam
1407 3348 1480 3432 quis
1502 3353 1563 3428 est,

316 3459 374 3545 qui
396 3459 635 3545 cogitationum
656 3460 786 3546 ignoret
806 3460 921 3525 ludum
942 3458 1142 3525 venustum?
1167 3460 1223 3543 qui
1243 3464 1376 3543 poetam
1396 3456 1564 3522 illustrans

316 3568 378 3635 dae
399 3569 584 3635 sententiae
607 3590 707 3633 causa
727 3569 873 3654 lepidam
895 3570 1060 3634 de'semet
1070 3570 1141 3654 ipso
1150 3569 1372 3634 narrationem
1381 3566 1563 3633 intexuisse

317 3682 352 3743 et
372 3676 500 3769 lasciva
521 3677 744 3762 superlatione
766 3679 897 3743 auxisse
918 3702 983 3745 non
1006 3676 1198 3764 intelligat?
1231 3676 1327 3757 Quis,
1350 3677 1406 3759 qui
1427 3698 1447 3741 a
1469 3676 1564 3761 gravi

317 3793 352 3854 et
382 3787 519 3853 solemni
548 3787 701 3852 carminis
730 3788 826 3853 initio
857 3808 916 3873 per
944 3794 996 3853 tot
1025 3794 1186 3871 tantaque
1215 3786 1378 3871 pericula,
1410 3784 1564 3868 corpori

317 3882 465 3981 quidem,
494 3896 627 3960 minime
657 3918 733 3962 vero
756 3897 883 3961 animo
913 3903 1014 3980 atque
1041 3896 1188 3962 virtuti
1214 3893 1492 3980 pertimescenda,
1521 3892 1564 3958 ad

316 4004 437 4071 amoris
460 4004 596 4069 delicias
617 4012 749 4089 poetam
772 4006 970 4086 comitatus,
994 4006 1064 4069 eius
1085 4027 1150 4070 non
1171 4004 1285 4069 laudet
1306 4004 1503 4069 iocationem
1526 4022 1564 4067 ae

317 4112 558 4181 festivitatem?
601 4114 756 4179 Lehrsius
779 4115 910 4197 quidem
931 4137 996 4180 non
1018 4114 1149 4194 laudat;
1179 4136 1244 4179 non
1272 4113 1412 4177 sensisse
1433 4110 1565 4176 videtur

316 4222 422 4291 totius
444 4225 597 4289 carminis
620 4246 734 4290 sonum
756 4224 947 4303 iocularcm;
969 4222 1159 4288 fefellerunt
1181 4242 1254 4287 eum
1275 4220 1417 4286 ridicula
1439 4227 1564 4285 senten·

243 4342 245 4355 '
317 4332 402 4399 tiose
429 4332 484 4397 vel
513 4334 716 4399 sententiosa
744 4331 881 4397 ridicule
910 4332 1010 4397 dicta.
1060 4332 1193 4397 Etenim
1222 4332 1250 4394 si
1273 4330 1356 4396 serio
1385 4350 1424 4394 ae
1445 4328 1564 4414 frigide
1642 4342 1645 4347 '
1734 4346 1740 4423 ἰ·

315 4438 477 4505 Horatius
504 4439 596 4525 loqui
623 4442 801 4522 voluisset,
830 4443 1012 4525 proiecto
1042 4464 1116 4506 non
1145 4440 1192 4505 ad
1220 4439 1400 4525 pericula
1430 4439 1565 4503 confu-

315 4548 458 4635 gisset,
490 4570 592 4633 quae
614 4549 836 4634 Syrtarum,
866 4549 1049 4629 Caucasi,
1077 4548 1280 4635 Hydaspis
1301 4554 1477 4614 terrores
1501 4546 1565 4609 ho·

314 4656 415 4725 mini
443 4658 664 4738 incutiant,
692 4660 839 4723 iaculis
869 4665 989 4741 atque
1019 4660 1188 4744 sagittis
1218 4655 1464 4741 depellenda:
1508 4652 1565 4716 sed

315 4782 398 4835 vm
418 4768 556 4834 virtutis
580 4768 749 4852 pericula,
777 4769 870 4834 velut
890 4767 1059 4833 hominum
1080 4767 1253 4845 iuvidiam,
1276 4763 1473 4843 calumnias,
1495 4784 1565 4847 pra·
