3900 5725
712 1230 716 1237 .
821 1300 1146 1434 Praelatio.
1172 1232 1185 1323 1

913 1643 1061 1663 W

368 1854 482 1968 Quum
510 1872 769 1957 disputationem
796 1889 901 1959 nuper
917 1873 1091 1961 legissem,
1120 1896 1220 1961 quam
1239 1875 1297 1967 Dr.
1319 1876 1357 1943 F.
1376 1875 1495 1960 Petere
1515 1882 1551 1947 in
1571 1880 1608 1946 li·

366 1980 454 2047 bello
484 1980 597 2047 annali
630 1981 783 2068 gymnasi
811 1982 1081 2050 Monasteriensis
1110 2007 1139 2052 a.
1173 1986 1254 2051 18⁷0
1286 1986 1344 2069 „de
1373 1989 1607 2086 compositione

366 2088 539 2156 verborum
559 2090 594 2155 in
614 2089 734 2157 Horati
755 2090 973 2189 carminibus}⁴
997 2094 1202 2179 conscripsit,
1221 2094 1469 2163 bactractandi
1488 2073 1620 2187 ¹poetae

366 2198 494 2265 ratione
511 2218 712 2285 magnopere
733 2196 919 2267 oblectatus
937 2199 1071 2268 iubenti
1100 2201 1208 2269 animo
1241 2201 1482 2286 adhortationi,
1509 2225 1608 2289 quam

366 2307 437 2372 eius
459 2307 614 2392 opusculo
637 2309 841 2392 suppositam
861 2308 948 2390 vidi,
975 2315 1015 2375 ut
1044 2310 1145 2376 etiam
1174 2312 1310 2399 iuuenes
1328 2289 1519 2379 litterani
1541 2319 1607 2380 stu·

366 2413 450 2481 diosi
469 2416 512 2479 in
539 2414 894 2499 inquirendis-formae
922 2419 1108 2483 1111111111
1133 2418 1393 2487 Horatianorum
1422 2420 1607 2488 1111111111
1653 2436 1655 2440 ’

368 2545 499 2609 operam
521 2523 667 2609 aliquam
686 2523 898 2608 collocarent,
918 2524 1095 2593 obsecutus
1117 2543 1191 2593 snm
1213 2518 1487 2614 quaestionesque
1508 2551 1528 2595 a
1546 2523 1607 2595 Pe-

255 2635 259 2654 ·'
366 2633 467 2698 tersio
488 2632 662 2698 institutas
684 2634 885 2721 continuavi.
984 2719 987 2723 .
1163 2718 1166 2725 Ι
1676 2687 1678 2691 .

447 2740 562 2825 Neque
588 2745 686 2809 erant
713 2741 885 2807 minimuum
912 2744 1092 2828 quaerendi
1118 2743 1373 2811 incitamentum
1397 2744 1607 2831 Peerlkampi

366 2855 402 2916 11
428 2848 545 2917 Lehrsi
575 2849 614 2916 de
643 2849 763 2918 Horati
792 2850 991 2918 carminibus
1019 2850 1097 2919 libri
1124 2852 1305 2939 compositi.
1353 2852 1499 2930 Quorum
1523 2853 1606 2920 viro·

366 2979 439 3024 rum
460 2960 574 3046 sagaci
604 2959 735 3044 quidem
764 2959 820 3026 sed
848 2960 1064 3027 immoderata
1090 2960 1258 3027 iudicandi
1279 2962 1408 3028 ratione
1428 2963 1464 3027 in
1485 2961 1605 3028 scholis

367 3065 529 3135 Seminari
549 3068 668 3135 Philol.
689 3067 838 3135 imbutus
859 3071 984 3151 statim,
1005 3076 1044 3136 ut
1066 3091 1178 3137 eorum
1198 3069 1326 3155 aliquot
1348 3070 1536 3156 opinionum
1557 3070 1604 3134 in·

366 3176 612 3262 fringendarum
634 3183 729 3243 caute
751 3198 790 3242 ac
810 3177 926 3245 timide
946 3178 1128 3263 periculum
1148 3180 1299 3260 iacerem,
1320 3177 1401 3244 mihi
1421 3177 1584 3263 proposui.

448 3284 520 3351 Hoc
540 3286 645 3373 igitur
666 3286 787 3371 duplex
809 3285 981 3366 consilium
1002 3287 1038 3351 in
1062 3285 1198 3368 11111111,
1227 3307 1363 3371 quorum
1384 3285 1548 3372 primitias
1569 3286 1604 3351 in

366 3392 510 3459 medium
530 3395 677 3480 profero,
705 3400 838 3461 secutus
860 3415 951 3475 sum,
972 3394 1113 3461 alterum
1134 3401 1173 3461 ut
1194 3394 1323 3476 eadem,
1351 3416 1416 3479 qua
1436 3393 1605 3461 Petersius

366 3504 525 3588 processit
545 3504 603 3570 via
623 3524 808 3590 pergerem,
830 3503 989 3584 alterum,
1014 3509 1052 3569 11
1073 3504 1179 3570 forma
1200 3504 1397 3585 carminum,
1422 3523 1507 3568 novo
1529 3522 1605 3586 quo·
1655 3491 1656 3494 ¹

367 3611 442 3677 dam
462 3612 632 3678 iudicandi
662 3618 873 3698 argumento,
904 3633 983 3677 usus
1004 3612 1130 3678 iniusta
1152 3611 1313 3697 quaedam
1333 3609 1541 3694 Peerlkampi
1571 3615 1605 3674 et

365 3717 481 3784 Lehrsi
502 3721 651 3786 convicia
670 3719 861 3786 refellerem.
895 3719 996 3784 Illum
1015 3719 1148 3802 latiore,
1169 3720 1257 3786 hunc
1278 3720 1469 3806 angustiore
1490 3717 1605 3784 disser-

364 3828 503 3894 tationis
524 3835 618 3913 parte
639 3849 816 3914 persequar
835 3828 943 3893 finem.

447 3935 557 4012 Quum
587 3958 663 4004 vero
692 3937 833 4003 materia
861 3936 931 4004 lata
961 3942 1078 4022 pateat
1105 3936 1267 4022 multique
1296 3937 1340 4003 sit
1368 3934 1510 4015 laboris,
1539 3954 1604 3999 non

308 4065 310 4070 ·
364 4065 496 4128 possum
523 4045 700 4131 impetrare
730 4065 839 4127 ame,
867 4051 906 4113 ut
933 4066 1003 4110 rem
1032 4050 1139 4111 totam
1170 4044 1339 4112 absolvere
1370 4064 1475 4110 coner.
1524 4039 1605 4106 Alia
1704 4058 1707 4063 ·

364 4153 632 4239 Hageluekenius
654 4160 688 4220 11
697 4151 877 4219 Arnoldius
896 4152 1002 4235 libris,
1023 4174 1105 4238 quos
1125 4155 1212 4220 infra
1226 4153 1343 4234 dicam,
1364 4157 1398 4217 et
1411 4147 1605 4217 ‚Dillenbur

364 4283 461 4348 gerus
482 4263 526 4327 11
539 4263 682 4329 editione
702 4260 888 4328 Horatiana
908 4263 1031 4346 passim
1053 4258 1288 4347 exposuerunt,
1309 4260 1386 4341 alia,
1408 4279 1492 4343 quae
1514 4277 1604 4342 prae·

364 4377 416 4436 sto
439 4377 533 4452 sunt,
561 4371 597 4436 11
617 4377 784 4456 posterum
813 4376 943 4456 tempus
965 4369 1115 4436 differam
1137 4391 1240 4454 eaque
1261 4367 1511 4447 tantummodo,
1546 4365 1603 4429 cir·

363 4480 580 4564 cumscriptus
600 4479 708 4544 libelli
729 4478 910 4566 angustiis,
940 4477 1077 4564 eligam,
1105 4498 1190 4563 quae
1213 4477 1255 4544 ad
1280 4478 1377 4543 finem
1398 4475 1603 4561 propositum

363 4588 508 4671 proxime
529 4588 685 4669 tendunt,
706 4587 880 4654 verborum
900 4586 1025 4672 figuras
1046 4586 1127 4654 dico.
1170 4585 1245 4661 Qua
1266 4587 1357 4651 1111
1379 4585 1417 4665 si,
1439 4603 1523 4668 quae
1544 4580 1603 4646 Pe·

362 4697 482 4762 tersius
512 4698 547 4761 in
574 4696 682 4762 lucem
712 4697 779 4763 iam
807 4695 928 4776 edidit,
957 4715 998 4759 ea
1018 4694 1080 4759 hac
1101 4694 1324 4780 disputatione
1346 4691 1535 4758 summatim
1556 4711 1603 4754 re

245 4808 271 4876 1³.
362 4807 451 4892 cepi,
479 4806 579 4872 velim
600 4828 641 4872 ne
662 4807 745 4872 vitio
766 4805 847 4870 mihi
873 4808 1044 4886 vertatur,
1071 4825 1184 4887 quumv
1200 4801 1287 4886 quod
1316 4801 1389 4885 quis
1415 4802 1449 4864 in
1480 4798 1603 4864 litteris
