3900 5725
824 1470 972 1580 Pars
1013 1466 1121 1577 ΙΙΙ.

550 1703 811 1791 carminum
837 1705 879 1804 1,
904 1702 968 1787 aa
1000 1702 1092 1803 ΠΙ,
1118 1703 1157 1786 s.
1182 1671 1398 1785 defensio.

671 1941 708 2005 Δ.
751 1940 799 2004 De
818 1954 921 2006 cerm.
945 1939 979 2016 Ι,
1000 1944 1055 2009 ze.
1076 1937 1270 2017 disputatio.

435 2091 575 2158 Carmen
596 2090 680 2155 illud
700 2090 820 2156 Horati
841 2109 939 2175 saepe
960 2087 1133 2155 laudatum
1161 2087 1351 2171 „Integer
1376 2088 1483 2154 vitae
1506 2136 1512 2150 .
1537 2136 1544 2151 .
1567 2086 1595 2151 .“

352 2222 453 2285 quum
474 2202 560 2266 ferro
582 2204 681 2265 acuto
702 2196 952 2281 Peerlkampius
974 2202 1016 2262 et'
1029 2196 1186 2261 Lehrsins
1207 2196 1418 2276 resecuerint,
1440 2196 1528 2260 omni
1549 2218 1597 2260 ar

350 2310 396 2376 tis
421 2310 557 2375 criticae
579 2328 660 2392 opus
682 2307 746 2378 erit
767 2311 940 2390 apparatu,
961 2312 1001 2371 111
1023 2326 1133 2371 eorum
1153 2304 1356 2391 infringatur
1369 2324 1476 2388 opera
1497 2310 1597 2388 atque

286 2452 290 2457 ¹
353 2418 473 2503 opinio.
526 2415 637 2494 Quare
666 2416 807 2500 primum
835 2414 875 2479 de
904 2413 1052 2481 codicum
1080 2413 1297 2494 auctoritate,
1332 2420 1405 2480 tum
1434 2412 1474 2479 de
1504 2435 1598 2499 argu·

350 2531 460 2592 mento
483 2524 646 2604 carminis,
668 2522 807 2608 denique
829 2522 867 2587 de
888 2523 994 2588 forma
1015 2522 1096 2587 mihi
1117 2521 1280 2608 agendum
1300 2522 1441 2587 videtur.

434 2632 547 2717 Atque
576 2630 703 2698 codices
725 2628 862 2714 ‘quidem
891 2629 935 2696 ad
954 2651 1057 2695 unum
1079 2651 1189 2695 omnes
1211 2650 1340 2696 carmen
1362 2631 1527 2717 integrum
1549 2631 1617 2710 aa,⁴

240 2809 242 2814 ,
352 2763 419 2826 qua
438 2761 526 2806 nunc
546 2740 690 2818 utimur,
719 2738 826 2805 forma
846 2738 1012 2804 exhibent.
1056 2738 1104 2803 cf.
1127 2737 1229 2805 editio
1250 2738 1374 2805 Kelleri
1398 2746 1432 2806 et
1452 2739 1597 2806 Holderi.

350 2850 486 2936 Lipsiae
513 2854 603 2915 1864.
635 2884 673 2895 -·-
708 2846 882 2914 Diomedes
909 2848 1145 2935 grammaticus
1173 2846 1208 2911 iu
1238 2848 1391 2934 catalogo
1418 2848 1599 2914 carminum

351 2959 467 3025 Horat.
485 2957 519 3041 *1
540 2957 602 3024 hoc
624 2977 755 3024 carmen
776 2957 906 3022 omniuo
928 2956 1049 3023 omisit.
1098 2953 1160 3022 Oui
1180 2960 1292 3029 tamen
1315 2955 1482 3041 Gruppius
1503 2953 1598 3038 („Mi·

350 3066 429 3132 nos⁴⁸
452 3088 483 3150 p.
506 3063 582 3148 392)
612 3065 778 3132 vetustius
798 3065 886 3130 Mari
913 3063 1080 3131 Victorini
1107 3064 1248 3131 rhetoris
1277 3065 1502 3131 testimonium
1531 3065 1598 3128 iane

351 3174 521 3258 opposuit,
552 3174 608 3257 qui
635 3195 666 3237 v.
691 3181 739 3238 18.
764 3173 905 3254 „arbor
926 3173 1085 3238 aestiva
1105 3180 1311 3238 recreatur
1333 3172 1450 3238 aura“
1474 3179 1512 3238 ut
1533 3172 1599 3239 Ho-

336 3283 519 3349 -ratianum
539 3281 592 3347 bis
613 3281 741 3348 citavit.

304 3386 349 3445 ι’
434 3390 526 3456 Idem
551 3391 574 3456 1.
600 3411 627 3455 1.
654 3411 686 3474 p.
708 3396 769 3455 387
798 3390 881 3456 dicit
909 3390 1004 3455 haec:
1035 3390 1122 3470 „Das
1149 3388 1310 3475 Zeugniss
1339 3389 1396 3455 des
1425 3389 1599 3455 Diomedes

354 3497 444 3563 steht
472 3497 564 3565 nicht
593 3520 678 3584 gana
706 3498 782 3564 klar
802 3498 870 3565 und
890 3499 1071 3565 zweifeflos
1092 3498 1135 3565 da
1156 3548 1164 3562 .
1188 3547 1194 3562 .
1218 3548 1225 3562 .
1249 3547 1256 3562 .
1298 3499 1473 3564 Diomedes
1494 3498 1599 3565 selbot

352 3606 535 3692 unterliegt
555 3607 640 3673 noch
661 3615 728 3674 eust
750 3608 807 3674 der
819 3608 943 3674 Kritik,
986 3609 1032 3673 Es
1053 3608 1162 3673 fehlen
1182 3607 1328 3673 camlich
1348 3608 1403 3675 bei
1423 3609 1491 3673 ihm
1513 3607 1599 3674 auch

354 3713 495 3795 stricke,
523 3737 629 3801 gegeu
659 3715 782 3781 welche
810 3717 908 3782 keine
936 3716 1232 3802 Verdachtgriinde
1260 3717 1445 3803 vorliegeu,
1474 3717 1598 3782 welche

353 3824 415 3888 wir
436 3823 628 3888 schwerlich
650 3823 722 3888 dem
743 3825 852 3891 Horaz
875 3825 989 3890 diirfen
1013 3826 1193 3891 entreissen
1213 3826 1322 3890 dassen
1345 3826 1425 3891 cet“

438 3931 547 4007 Quare
568 3955 633 3998 nou
656 3933 740 3998 falso
763 3931 948 4018 Gruppium
968 3934 1132 4000 iudicasse
1155 3933 1312 4014 arbitror,
1342 3955 1442 4018 quum
1470 3936 1600 4001 Diome

354 4040 404 4106 dis
426 4041 620 4108 auctoritati
642 4042 738 4107 fidem
759 4065 824 4108 non
845 4041 1030 4108 habendam
1052 4063 1121 4108 esse
1144 4042 1324 4122 existimat,
1345 4043 1410 4107 nisi
1430 4065 1600 4130 argumen-

352 4149 399 4214 tis
426 4169 466 4212 ex
493 4148 597 4232 ipsius
620 4149 773 4214 carminis
796 4150 986 4215 condicione
1007 4151 1122 4234 petitis
1144 4150 1303 4218 fulciatur
1325 4172 1364 4216 ac
1386 4153 1599 4218 sustineatur.

240 4302 242 4307 -
353 4256 390 4337 (l.
413 4278 439 4320 c.
461 4279 493 4341 p.
515 4255 611 4340 3911).
629 4255 682 4340 m‘)
726 4257 819 4333 Quae
840 4260 875 4323 in
897 4259 958 4324 hoc
981 4261 1124 4324 carmine
1152 4259 1246 4325 nulla
1277 4281 1368 4341 esse,
1397 4261 1463 4325 iam
1492 4260 1599 4326 altera

354 4365 559 4448 quaestionis
580 4371 685 4449 parte,
708 4367 835 4450 quade
857 4374 1050 4454 argumento
1063 4376 1190 4454 agetur,
1212 4391 1263 4434 me
1280 4390 1373 4454 spero
1382 4375 1598 4435 ostensurum.

288 4462 360 4565 [dc
437 4471 687 4558 Peerlkampins
709 4476 805 4556 enim,
827 4498 922 4561 quem
946 4486 1079 4543 secutus
1102 4484 1153 4544 est
1173 4478 1369 4559 Meinekius,
1391 4477 1598 4563 strophamd.

352 4580 477 4647 reiecit.
529 4581 672 4663 „Mira“,
699 4584 827 4669 inquit,
851 4593 1032 4667 „terrarum
1059 4586 1140 4652 adeo
1164 4586 1355 4651 dissitarum
1376 4585 1543 4668 (Dauniae
1566 4591 1600 4652 et

351 4685 456 4754 Iubae
477 4688 623 4773 telluris)
645 4692 846 4775 coniunctim
873 4716 978 4779 parve
1005 4694 1126 4761 Italiae
1159 4716 1235 4778 pers
1265 4703 1299 4761 11
1327 4695 1443 4781 ingens
1464 4695 1599 4762 Africae

386 4903 420 4974 c)
435 4905 487 4962 uc
502 4905 586 4962 rou
619 4907 729 4982 rupino
746 4907 939 4982 18511521.

370 4996 419 5065 111)
436 4993 478 5054 01.
495 5014 564 5070 ques
581 4999 655 5056 inire
671 4998 704 5055 de
721 4998 851 5056 Diomede
867 5001 986 5076 exposui.
