3900 5725
912 410 1120 470 ..25-

393 582 545 662 regnum
569 573 629 640 illa
650 573 819 653 militaris,
839 571 901 639 hoc
923 572 1016 640 arida
1037 571 1149 638 nutrix
1171 572 1311 637 leonum.
1361 570 1541 655 Epitheton
1566 570 1641 651 „mi-

280 677 281 686 ’
393 682 521 750 litaris“
544 704 610 748 non
631 682 714 749 facit
735 682 777 747 ad
797 681 958 748 horrenda
980 682 1153 763 animalia,
1183 702 1267 764 quae
1293 680 1472 765 plurimum
1502 680 1639 766 gignun-

280 827 283 832 ·
393 797 450 858 tur
469 791 504 856 in
527 791 574 856 eis
595 790 795 877 regionibus,
817 789 875 855 ubi
895 791 1043 856 homines
1064 790 1197 855 minime
1219 794 1298 854 sunt
1319 788 1490 854 militares.
1517 786 1641 852 Aescu-

391 900 498 968 letum
518 921 681 984 nusquam
703 901 771 966 fere
791 899 988 964 invenitur.“

475 1032 623 1098 Primum
643 1033 770 1097 nullam
791 1032 893 1099 habet
905 1032 1135 1099 difficultatem
1146 1030 1330 1097 Dauniadis
1351 1050 1473 1114 parvae
1495 1034 1530 1095 et
1551 1050 1639 1113 mag·

392 1161 455 1206 nac
483 1139 712 1207 Mauretaniae
742 1141 945 1220 coniunctim
982 1141 1062 1206 ulna
1092 1145 1152 1206 aut
1180 1138 1375 1223 decempeda
1406 1160 1472 1203 non
1503 1137 1640 1203 metitur

391 1254 500 1334 poeta.
532 1248 646 1333 Neque
668 1254 831 1314 terrarum
853 1249 1015 1315 distantia
1038 1248 1216 1333 quidquam
1237 1248 1328 1313 facit.
1361 1245 1477 1311 Alias
1498 1246 1534 1309 in
1556 1267 1639 1310 com·

391 1356 551 1442 ponendis
573 1356 700 1424 duabus
731 1358 921 1443 regionibus
942 1379 994 1422 res
1016 1358 1161 1442 respexit
1181 1356 1358 1434 Horatius,
1389 1375 1470 1438 quas
1500 1375 1639 1420 commu-

390 1486 451 1530 nes
471 1463 617 1531 habeant
639 1469 739 1549 atque
760 1465 915 1550 insignes.
958 1465 1021 1530 Est
1043 1465 1129 1530 enim
1151 1466 1263 1530 arida
1282 1464 1507 1543 Mauretania,
1530 1462 1639 1528 arida

392 1579 503 1639 autem
525 1573 676 1639 Daunias
699 1595 840 1659 quoque;
876 1575 916 1637 cf.
939 1595 988 1657 ep,
1010 1573 1078 1653 HI,
1102 1561 1149 1638 16.
1174 1573 1365 1653 ‚siticulosa
1384 1571 1528 1656 Apulia“
1552 1569 1588 1654 (i.
1611 1591 1637 1635 e.

390 1681 565 1764 Daunias.)
591 1682 695 1748 (laun.
725 1683 794 1762 ΠΙ,
822 1688 876 1763 30,
901 1686 948 1745 11.
973 1703 1117 1767 „pauper
1146 1704 1251 1766 aquae
1277 1679 1445 1747 Daunus.“
1478 1714 1509 1724 —-
1543 1678 1638 1744 Ovid.

391 1791 471 1857 Met.
494 1790 593 1872 XIV,
616 1797 685 1855 510.
711 1791 822 1873 ,arida
842 1791 955 1856 Dauni
977 1793 1086 1856 arua.“
1116 1825 1156 1835 -
1181 1789 1254 1856 Sed·
1269 1811 1327 1855 cur
1347 1790 1444 1855 hauc
1466 1789 1638 1871 utriusque

390 1905 500 1965 terrae
529 1900 762 1985 proprietatem
791 1899 952 1964 Horatius
979 1899 1127 1965 indicat?
1177 1899 1270 1963 Nihil
1299 1898 1430 1963 clarius.
1486 1896 1638 1979 Namque

287 2067 289 2072 .
390 2013 482 2073 terra
510 2007 592 2072 rivis
627 2008 806 2092 pluviaque
843 2030 969 2093 pauper
1005 2031 1110 2092 neque
1140 2008 1182 2074 ab
1211 2007 1399 2074 hominibus
1434 2007 1526 2071 culta
1558 2005 1637 2069 feris

391 2115 516 2200 optima
537 2117 674 2201 praebet
695 2118 915 2201 receptacula.
945 2152 986 2161 -
1017 2115 1162 2192 Quodsi
1184 2123 1376 2201 reputamus
1397 2136 1436 2180 ac
1457 2115 1565 2179 locum
1587 2112 1637 2177 de·

390 2223 490 2308 nique
512 2225 666 2304 carm.1,
688 2232 743 2306 33,
768 2233 794 2289 7.
824 2227 1033 2310 respicimus,
1062 2225 1120 2291 ubi
1152 2226 1242 2311 „lupi
1268 2225 1392 2310 Apuli“
1425 2224 1581 2292 distincte
1603 2227 1637 2287 et

390 2329 462 2395 κατ’
483 2331 598 2418 ἐξοχῂν
620 2332 722 2418 (sieut
743 2335 778 2416 I,
801 2343 836 2415 1,
858 2343 906 2399 28.
939 2336 1088 2415 „Marsus
1110 2333 1225 2419 aper“,
1246 2333 1318 2414 III,
1341 2338 1397 2413 20,
1421 2339 1448 2396 2.
1474 2329 1637 2412 „Gaetula

389 2435 543 2523 leaena“,
573 2442 641 2507 alia
663 2442 738 2508 aliis
759 2441 855 2527 locis)
879 2450 1189 2524 commemorantur,
1217 2464 1295 2507 num
1324 2441 1426 2507 etiam
1450 2447 1522 2506 tum
1543 2439 1637 2504 mira-

280 2581 290 2638 ς
391 2569 464 2615 mur
490 2549 698 2615 Dauniadem
727 2560 761 2617 et
789 2552 1033 2617 Mauretaniam
1060 2573 1080 2615 a
1107 2557 1207 2635 poeta
1236 2551 1433 2635 compositas
1462 2554 1636 2632 utramque

390 2657 534 2739 aridam,
561 2663 735 2744 utramque
766 2660 930 2726 desertam
961 2668 1061 2743 atquc
1091 2659 1198 2724 beluis
1226 2658 1422 2725 fecundam?
1464 2657 1556 2723 Haec
1578 2677 1638 2720 ea·

280 2787 282 2792 ·
332 2803 334 2808 ·
391 2763 473 2834 dem
494 2769 664 2854 regionum
693 2777 835 2835 natura
863 2769 975 2853 paullo
1005 2769 1079 2853 plus
1101 2769 1223 2853 pollere
1252 2768 1333 2833 mihi
1361 2767 1508 2846 videtur,
1538 2786 1636 2848 quam

389 2877 600 2963 magnitudo,
622 2899 720 2962 quam
741 2879 910 2945 distantia.

472 3010 521 3077 At
548 3011 711 3079 adiectivo
744 3014 935 3094 „militaris“
966 3014 1098 3079 laborat
1127 3012 1275 3097 stropha!
1296 3048 1338 3057 -
1358 3012 1429 3077 Hoc
1450 2979 1686 3076 Parmam-I«

388 3119 464 3205 pius
492 3126 581 3186 recte
611 3122 857 3202 animadvertit3
888 3123 1100 3188 offensionem
1129 3122 1275 3206 aliquam
1294 3122 1419 3188 habent
1440 3120 1542 3185 verba
1563 3128 1636 3205 pce·
1672 3110 1686 3171 l

389 3232 462 3309 tae,
494 3250 578 3312 quae
608 3238 719 3296 tamen
742 3233 953 3298 excusatione
974 3255 1038 3298 non
1060 3253 1194 3316 prorsus
1221 3237 1343 3297 carent.
1391 3231 1542 3313 Namque
1563 3238 1636 3313 poe-

390 3342 463 3417 tae,
492 3338 652 3423 imprimis
681 3341 782 3424 epici,
816 3341 915 3405 rebus
945 3364 1010 3406 non
1040 3363 1079 3406 ea
1108 3363 1234 3425 semper
1263 3341 1411 3424 epitheta
1441 3338 1635 3424 adiungunt,

391 3464 475 3528 quae
498 3448 737 3533 cogitationum
758 3471 862 3514 nexus
883 3451 954 3516 loeo
978 3451 1088 3533 aliquo
1111 3451 1252 3514 maxime
1275 3449 1452 3528 desiderat;
1483 3447 1540 3512 sed
1569 3446 1636 3530 qui·

389 3551 527 3619 busdam
549 3562 699 3639 utuntur,
721 3559 821 3624 etiam
843 3559 1005 3643 neglectis
1027 3559 1239 3642 aliquatenus
1260 3559 1317 3639 eis,
1339 3557 1377 3622 de
1400 3557 1518 3642 quibus
1540 3555 1634 3620 modo

391 3661 529 3746 dicitur,
551 3665 662 3749 cisque
684 3664 825 3734 utuntur
846 3668 1035 3748 adiectivis,
1059 3689 1142 3751 quae
1165 3689 1181 3732 e
1202 3674 1363 3752 perpetua
1383 3675 1541 3750 tanquam
1563 3686 1635 3730 con-

391 3771 566 3838 suetudine
596 3777 784 3852 constantia
812 3778 903 3841 facta
933 3784 1011 3842 sunt
1041 3788 1074 3842 et
1104 3778 1171 3842 lixa
1201 3777 1243 3841 ab
1273 3797 1376 3861 eaque
1397 3777 1560 3859 reiparte
1583 3774 1635 3838 de-

390 3886 539 3965 sumpta,
569 3903 652 3966 quae
674 3886 815 3949 maxime
837 3886 959 3968 ubique
982 3887 1104 3952 eminet
1127 3892 1160 3951 et
1182 3892 1303 3952 exstat.
1321 3884 1354 3968 l)
1397 3883 1452 3950 Sic
1473 3884 1504 3949 h.
1526 3884 1548 3947 l.
1570 3882 1635 3948 Ho-

388 3988 496 4055 ratius
517 3990 725 4057 Dauniadem
749 3994 962 4075 „militarem“
987 3996 1144 4079 appellat.
1193 3995 1344 4078 Namque
1364 3994 1489 4078 Apulia
1515 3992 1635 4057 incola·

387 4116 461 4163 rum
490 4104 624 4165 strenuo
646 4101 754 4168 auimo
777 4109 810 4168 et
832 4105 957 4170 virtute
979 4103 1099 4169 bellica
1119 4104 1248 4190 inclyta
1270 4111 1342 4170 erat
1363 4111 1464 4188 atque
1485 4102 1634 4188 insignis.

625 4276 684 4284 *-

405 4372 436 4439 ὓ)
454 4370 527 4440 „Das
544 4373 642 4444 gerade
661 4374 821 4447 Gegentheil
840 4378 886 4432 des
903 4385 996 4450 oneng
1013 4381 1153 4449 logisehen
1172 4379 1341 4435 Gebrauches
1360 4378 1406 4434 der
1422 4377 1571 4448 Adjektira
1588 4372 1636 4430 fin·

456 4461 508 4518 den
524 4465 575 4519 uir
592 4466 635 4521 bei
652 4468 765 4539 Homer,
791 4489 869 4525 wenn
887 4489 915 4525 er
932 4479 1005 4542 sagt:
1035 4473 1108 4540 „Der
1126 4473 1333 4543 schnellfiissige
1349 4473 1443 4527 Achill
1460 4471 1558 4539 weint,
1588 4469 1636 4524 der

453 4555 624 4614 leutrufendc
641 4561 744 4615 Hercld
761 4564 871 4630 schlaft,
887 4582 912 4617 u.
931 4563 1033 4636 dergl.“
1066 4565 1146 4618 Dcnn
1163 4564 1235 4619 diese
1253 4564 1365 4620 stehcnd
1381 4564 1564 4635 gebrauchten
1580 4561 1634 4615 Ad·

452 4648 560 4719 jcktiva
576 4651 665 4708 haben
681 4655 764 4709 thcils
780 4673 831 4726 gar
848 4657 926 4710 keiue
944 4657 1102 4726 Beziehung
1127 4676 1186 4712 zum
1208 4658 1332 4713 Urtheile
1357 4656 1420 4711 oder
1443 4656 1537 4710 stehen
1554 4668 1634 4724 scgar

455 4742 485 4795 iu
503 4740 633 4800 direktem
651 4745 847 4820 Widerspruch
865 4767 897 4802 au
915 4748 998 4802 ihm.“
1033 4747 1152 4821 Rumpel
1167 4750 1269 4805 Philus.
1286 4747 1401 4821 Prcpdd.
1418 4766 1444 4820 p.
1461 4747 1502 4803 59.
1520 4747 1600 4801 Anm.
