3900 5725
676 373 710 394 „,
725 371 730 382 .

879 668 1087 751 -lo-

363 839 462 934 ritos3
491 849 549 919 sed
579 875 678 937 quum
708 852 749 920 ab
780 855 1218 940 unatantummodoparte
1241 846 1603 941 11111111111111111111Ι

363 964 432 1029 rint
453 969 487 1030 11
508 964 543 1027 in
563 962 765 1046 inquirendis
793 965 1032 1030 sententiarum
1053 971 1112 1030 aut
1135 963 1342 1030 cohaerentia
1366 969 1467 1047 atque
1489 985 1603 1029 conve

364 1073 507 1152 nientia,
536 1078 595 1137 aut
623 1072 853 1157 repugnantiis
881 1078 982 1156 atque
1011 1073 1146 1157 ineptiis
1175 1072 1306 1137 modum
1334 1094 1431 1158 saepe
1460 1094 1602 1139 excesse-

363 1181 440 1262 rint,
461 1180 546 1245 hanc
566 1200 668 1245 unam
688 1201 798 1245 eorum
820 1180 1028 1246 examinandi
1049 1187 1307 1265 normamatque
1328 1182 1489 1247 rationem
1509 1182 1602 1248 nullo

364 1295 461 1373 pacto
484 1287 693 1372 comprobare
714 1309 855 1374 possum.
877 1325 917 1335 —
939 1289 1126 1371 Bentleius,
1152 1290 1343 1356 notissimus
1363 1289 1483 1355 Horati
1502 1290 1603 1354 iudex

364 1403 465 1482 atque
487 1418 616 1478 censor,
645 1397 750 1465 multo
771 1399 895 1464 rectius
916 1399 1002 1483 egit,
1032 1419 1132 1483 quum
1152 1399 1272 1464 mentis
1300 1397 1431 1482 quidem
1453 1398 1602 1463 acumine

363 1506 570 1590 potissimum
591 1526 687 1586 usus,
716 1506 848 1572 minime
868 1512 981 1574 tamen
1002 1507 1125 1573 formae
1147 1506 1401 1592 pulchritudinis
1421 1506 1603 1592 negligens,

268 1649 272 1658 =
363 1614 568 1698 aliquantam
588 1612 665 1677 huic
685 1613 840 1680 tribuerit
862 1616 1071 1701 gravitatem.
1113 1616 1241 1682 Iustam
1263 1637 1301 1681 ac
1323 1615 1470 1681 debitam
1491 1621 1603 1681 autern
1707 1610 1711 1620 ’

363 1744 403 1787 ne
424 1721 594 1788 Bentleius
615 1721 747 1806 quidem
767 1724 888 1791 tribuit
909 1744 1015 1808 neque
1037 1726 1226 1809 quisquam,
1255 1722 1341 1807 quod
1361 1724 1476 1803 sciam,
1504 1724 1603 1790 inter·

362 1837 500 1915 protum.

445 1937 495 2003 De
517 1959 583 2021 qua
601 1960 637 2003 re
659 1938 688 2003 si
709 1962 775 2005 non
795 1938 900 2005 falsae
922 1946 1019 2006 1111111
1041 1938 1303 2021 observationes,
1330 1960 1411 2025 quas
1433 1961 1602 2025 exponam,

362 2047 434 2111 fieri
457 2068 523 2113 non
551 2053 680 2131 potest,
709 2049 787 2132 quin
815 2047 859 2113 ad
881 2050 1106 2133 quaestionem
1128 2048 1167 2112 de
1188 2048 1307 2114 Horati
1330 2031 1529 2114 carminibus
1550 2070 1602 2113 ex·

241 2198 245 2205 .
361 2154 556 2239 pediendam
585 2155 712 2239 aliquid
743 2162 831 2239 certe
852 2156 1014 2223 utilitatis
1036 2179 1077 2222 ex
1099 2158 1146 2222 111
1166 2138 1360 2223 1111111111.ι
1377 2157 1492 2240 Neque
1514 2177 1602 2221 eram

270 2294 279 2318 ι
362 2265 507 2344 nescius,
537 2284 637 2348 quum
657 2265 856 2331 refellendae
877 2265 1139 2332 adversariorum
1160 2266 1344 2332 sententiae
1365 2286 1483 2330 munus
1504 2265 1603 2329 susci·

362 2391 488 2455 peram,
523 2392 573 2435 me
599 2392 660 2436 nec
681 2393 767 2439 nova
787 2366 894 2441 multa
924 2396 984 2439 neo
1013 2374 1160 2441 doctiora
1189 2396 1259 2440 esse
1289 2374 1471 2454 dicturum,
1505 2394 1603 2458 quam

363 2500 447 2563 quae
475 2480 534 2545 alii
564 2487 643 2546 ante
671 2482 758 2547 hunc
786 2482 872 2547 diem
901 2483 1125 2568 protulerunt;
1157 2482 1276 2566 quibus
1304 2488 1416 2547 tamen
1444 2480 1602 2547 nonnulla

247 2640 251 2651 .
304 2618 306 2622 ¹
363 2587 551 2654 additurum
573 2611 623 2654 me
643 2588 730 2656 bono
752 2592 859 2657 animo
886 2592 1072 2676 sperabam,
1102 2612 1185 2675 quae
1207 2613 1272 2657 non
1292 2611 1423 2674 prorsus
1446 2612 1466 2655 a
1487 2591 1602 2674 proba·

361 2696 496 2763 bilitate
517 2718 556 2763 ac
577 2699 726 2765 novitate
748 2698 969 2766 abhorrerent.
