3900 5725
880 639 1087 721 4364

299 871 301 875 ι
365 803 427 890 den
447 805 603 890 trivialen
625 824 721 888 Wolf
740 823 807 887 und
827 822 890 887 den
911 805 1428 891 wohlbekanntenSabinerwald
1448 807 1609 908 gerathen

363 942 451 999 ware
473 933 541 997 und
563 932 615 996 die
635 932 884 1011 Nonchalance,
906 931 1020 996 womit
1043 930 1101 996 das
1123 931 1292 1016 Ereigniss
1314 953 1378 996 von
1399 931 1517 996 beiden
1540 929 1608 996 Sei-

363 1047 420 1106 ten
441 1064 501 1107 vor
522 1040 592 1104 sich
613 1040 693 1125 geht
722 1040 799 1105 oder
820 1061 884 1104 von
906 1037 1020 1103 Seiten
1042 1040 1098 1106 des
1120 1039 1266 1119 Wolfes,
1295 1038 1425 1105 konnte·
1441 1062 1518 1106 man
1539 1042 1609 1108 fast

364 1170 482 1234 aagen,
505 1149 557 1213 die
578 1154 727 1232 prompte
749 1147 975 1227 Hofhchkeit,
996 1148 1058 1212 mit
1080 1147 1221 1212 welcher
1243 1169 1292 1228 er,
1314 1149 1497 1234 ungelegen
1519 1148 1608 1214 kom-

363 1258 476 1337 mend,
502 1257 579 1321 ¹sich
611 1255 791 1339 empfiehlt:
820 1256 916 1321 hatte
945 1277 980 1320 er
1009 1256 1079 1321 sich
1108 1256 1150 1321 da
1177 1257 1269 1322 nicht
1297 1256 1483 1323 veranlasst
1508 1258 1608 1324 sehen

363 1367 507 1448 konnen,
530 1365 583 1430 die
603 1364 796 1449 parodische
818 1364 922 1429 vierte
943 1362 1084 1448 Strophc
1106 1362 1240 1448 (‚,quale
1256 1366 1449 1448 portentum
1472 1416 1479 1430 .
1502 1415 1508 1429 .
1532 1415 1539 1430 .
1563 1363 1607 1447 .“)

363 1477 635 1541 hinzuzusetzen:
660 1473 756 1554 „„Ihr
776 1480 881 1538 miisst
904 1473 983 1539 aber
999 1472 1151 1538 desshalb
1176 1473 1257 1540 doch
1278 1496 1343 1539 von
1365 1474 1485 1539 diesem
1496 1474 1608 1540 Wolie

364 1585 456 1650 nicht
486 1583 592 1648 falech
619 1581 797 1660 urtheilen;
828 1581 935 1646 dieser
961 1581 1057 1672 Wolf
1085 1582 1143 1646 das
1172 1604 1242 1647 war
1268 1582 1346 1646 hein
1367 1582 1609 1667 gewbhnlicher

363 1693 465 1774 Wolf,
487 1692 545 1757 das
567 1713 637 1764 war
658 1690 711 1753 ein
732 1689 835 1769 Wolf,
857 1689 913 1754 der
934 1691 1019 1755 noch
1041 1690 1123 1756 iiber
1145 1690 1208 1755 den
1228 1690 1353 1756 deen
1373 1691 1514 1777 geht?““
1527 1691 1553 1755 !“
1566 1729 1609 1740 -

363 1802 414 1867 En
435 1802 632 1867 facetiarum
654 1797 810 1863 callidum
832 1799 1017 1864 inventum!
1060 1799 1148 1863 Num
1178 1799 1256 1881 quid
1278 1800 1384 1884 magis
1405 1802 1548 1884 petitum
1568 1822 1609 1866 ac

365 1912 552 1995 quaesitum
573 1908 755 1993 excogitari
776 1905 908 1990 potest?
930 1905 967 1971 Si
988 1913 1078 1974 recte
1095 1906 1212 1976 Lehrsi
1233 1908 1335 1974 verba
1355 1908 1515 1992 intellexi,
1538 1910 1609 1973 eius

366 2021 404 2085 de
433 2020 494 2087 hoc
523 2018 665 2084 carmine
699 2016 858 2080 iudicium
886 2017 1001 2099 paucis
1029 2015 1139 2080 verbis
1168 2017 1215 2079 sic
1244 2016 1312 2081 iere
1337 2024 1447 2100 potest
1470 2038 1603 2102 compre·

229 2121 344 2200 tw
364 2128 475 2193 hendi:
508 2126 589 2208 „Vn
618 2132 750 2189 17-24.
779 2123 820 2189 ab
849 2123 989 2190 Horatio
1019 2146 1083 2190 non
1112 2130 1190 2190 sunt
1217 2126 1370 2208 profecta
1399 2124 1457 2190 sed
1484 2147 1525 2190 ne
1553 2149 1609 2192 nv.

254 2299 265 2342 l
279 2273 303 2359 ι
366 2242 383 2301 9
402 2230 477 2300 -16L
493 2234 622 2319 quidem
639 2233 759 2299 Horati
781 2238 919 2316 possunt
942 2253 1022 2313 esse,
1045 2234 1167 2298 etenim
1188 2256 1208 2297 a
1230 2215 1308 2306 sono
1330 2235 1509 2319 primarum
1529 2242 1611 2318 strp-

229 2336 253 2355 ”’
364 2347 503 2431 pharum
532 2363 665 2428 prorsus
693 2340 858 2407 recedunt.
908 2338 945 2405 Si
966 2342 1106 2407 fortasse
1127 2343 1262 2408 tertiam
1292 2343 1460 2430 stropham
1482 2344 1523 2410 ab
1545 2344 1610 2416 Ho-

364 2455 449 2522 ratio
481 2453 694 2537 compositam
721 2449 949 2534 probaremus,
981 2456 1054 2515 tum
1083 2457 1234 2534 quartam
1264 2452 1431 2535 stropham
1460 2453 1608 2522 arnseo

366 2568 423 2649 per
444 2563 552 2628 iocum
574 2559 721 2623 additam
742 2558 889 2623 iudicare
912 2557 1131 2623 deberemus.“
1165 2596 1202 2605 -—
1227 2559 1335 2635 Quam
1356 2569 1467 2626 tamen
1489 2563 1609 2628 tertiae

367 2681 401 2739 et
431 2677 570 2755 quartae
600 2668 753 2751 strophae
783 2666 1004 2733 defensionem
1031 2689 1072 2731 ne
1093 2666 1250 2734 Lehrsius
1281 2670 1411 2754 quidem
1440 2691 1481 2735 ex
1508 2672 1610 2745 animi

365 2802 444 2845 vera
465 2777 631 2844 sententia
651 2776 780 2853 hausit;
812 2776 901 2869 fictio
924 2776 1151 2842 tantummodo
1174 2785 1240 2859 est,
1270 2779 1327 2844 sed
1352 2780 1530 2866 nugatoria
1549 2780 1611 2852 illa
1711 2779 1719 2786 ’

366 2898 466 2974 atque
488 2889 606 2953 inanis.
648 2885 724 2969 Ipse
745 2890 919 2968 utramque
941 2885 983 2950 ab
1003 2886 1142 2952 Horatio
1165 2887 1345 2970 abiudicat,
1366 2889 1501 2955 tertiam
1522 2890 1610 2973 quod

365 3001 509 3085 priorum
531 2995 739 3079 stropharum
760 2995 921 3059 rationem
944 3017 1009 3061 non
1032 3001 1156 3076 servet,
1180 3002 1349 3081 quartam,
1371 2997 1457 3081 quod
1478 2999 1522 3063 sit
1546 2999 1610 3081 „la-

367 3109 510 3175 cherlich
530 3103 709 3192 graulioh.“

448 3242 595 3308 Primum
625 3239 665 3304 de
693 3239 795 3305 tertia
824 3239 958 3323 stropha
994 3260 1202 3323 quaeramus3
1244 3261 1385 3325 namque
1421 3241 1461 3307 de
1490 3247 1610 3326 quarta

367 3373 467 3436 quum
488 3371 588 3434 supra
609 3350 676 3413 iam
696 3348 874 3413 dixerimus
895 3368 1002 3433 pauca
1025 3355 1156 3414 tantum
1178 3349 1326 3415 addenda
1346 3356 1434 3416 sunt.

448 3457 604 3525 Lehrsius
632 3479 705 3523 eam
734 3456 863 3525 dicendi
891 3457 1127 3542 proprietatem
1156 3458 1340 3543 neglexisse
1367 3459 1448 3524 mihi
1468 3460 1610 3541 videtur,

339 3641 341 3645 ,
368 3592 466 3655 quam
487 3590 584 3653 saepe
605 3569 641 3632 in
661 3567 854 3633 Horatianis
875 3565 1055 3633 laudarunt
1076 3567 1292 3650 interpretes,
1323 3588 1407 3650 quae
1435 3568 1471 3632 in
1499 3568 1609 3633 studio

366 3680 424 3745 illo
447 3679 556 3763 posita
578 3684 629 3741 est
650 3681 835 3759 poetarum,
857 3684 896 3740 ut
919 3675 1044 3740 dictum
1066 3675 1201 3759 aliquod
1222 3696 1405 3756 commune,
1426 3676 1610 3742 docuinam

367 3785 553 3868 generalem
581 3785 680 3849 certis
709 3782 807 3849 rebus
829 3805 867 3847 ac
889 3784 1031 3868 singulis
1051 3784 1221 3850 illustrent
1242 3805 1414 3867 rerumque
1437 3805 1534 3869 quarn
1556 3808 1611 3851 no·⁴

366 3896 513 3962 tissimas
542 3915 668 3978 semper
690 3900 723 3958 et
744 3893 910 3976 proximas
937 3893 1073 3978 eligant.
1124 3891 1403 3967 Quemadmodum
1430 3916 1482 3958 res
1511 3894 1612 3959 sensi·

366 4007 429 4072 bus
456 4027 522 4071 non
552 4003 718 4069 subiectas
748 4003 789 4067 ad
812 4003 1051 4067 concretionem
1078 4008 1251 4082 revocant,
1281 4003 1328 4066 sio
1350 4001 1462 4068 eodem
1483 4023 1610 4086 reprae

367 4113 519 4180 sentandi
541 4133 580 4178 ac
602 4111 798 4197 depingendi
820 4110 928 4177 studio
951 4110 991 4174 de
1019 4110 1117 4175 rebus
1140 4110 1348 4196 generalibus
1370 4110 1610 4194 latioribusque

247 4244 249 4246 ·
367 4222 556 4289 notionibus
579 4220 811 4287 distributione
833 4226 982 4284 utuntur.
1027 4217 1151 4293 Quodsi
1171 4220 1331 4285 Horatius
1353 4219 1503 4286 dixisset:
1529 4241 1609 4307 „ego

368 4352 496 4415 quoque
525 4331 657 4395 inermis
688 4329 931 4412 egnavissimis
960 4327 1115 4411 periculis
1145 4329 1225 4393 mire
1251 4329 1318 4394 iam
1347 4337 1478 4413 ereptus
1507 4331 1610 4410 sum“,

367 4462 432 4505 non
454 4446 541 4503 esset
561 4444 675 4522 poe'ta;
704 4458 804 4520 quum
827 4436 920 4500 dicit:
955 4456 1024 4516 „me
1047 4456 1174 4520 quoque
1196 4438 1230 4500 in
1252 4438 1337 4502 silva
1365 4437 1490 4503 Sabina
1510 4438 1611 4522 lupus

367 4569 471 4632 nuper
492 4547 580 4632 fugit
600 4546 786 4625 inermem“,
809 4552 858 4609 est
881 4554 1041 4628 poeta—
1058 4544 1113 4610 Sic
1135 4546 1221 4610 enim
1242 4554 1414 4631 poetarum
1437 4561 1487 4612 est
1508 4547 1610 4631 loqui,

368 4657 415 4720 sic
435 4656 571 4733 Horati;
603 4675 730 4737 semper
751 4662 858 4719 certas
879 4675 948 4733 res,
970 4660 1050 4720 nota
1072 4656 1237 4739 exempla,
1263 4663 1458 4742 argumenta
1479 4657 1518 4721 de
1540 4679 1610 4740 pro·

367 4767 454 4829 ximo
476 4772 608 4847 sumpta
629 4762 735 4827 affert.
757 4797 796 4808 -
821 4761 913 4837 Quae
934 4764 1177 4846 praemittenda
1198 4766 1330 4847 putavi,
1356 4773 1395 4831 ut
1417 4767 1611 4830 comminue-

367 4895 435 4937 rem
456 4872 572 4936 Lehrsi
593 4873 786 4955 opinionem.
836 4869 1031 4935 Generalem
1054 4873 1140 4936 enim
1161 4875 1377 4955 sententiam,
1406 4875 1520 4958 primis
1542 4897 1611 4940 ver·

368 4980 459 5049 sibus
480 4981 690 5066 propositam,
713 4982 814 5046 tertia
835 4981 970 5064 stropha
991 4980 1149 5047 Horatius
1170 4982 1277 5070 lepido
1301 4983 1440 5068 quodam
1461 4985 1611 5077 exemplo
