3900 5725
873 503 903 513 --
958 477 997 532 se
1041 503 1081 513 -

354 634 516 699 Numerus
546 641 653 701 certus
682 659 739 719 pro
761 637 885 700 incerto
908 634 1022 701 dicunt
1045 636 1173 718 antiqui
1196 635 1401 716 scholiastae.
1444 635 1597 715 Mettum,

354 742 459 821 credo,
481 744 588 808 fecit.“
606 780 646 788 —
668 743 754 807 Num
776 743 864 808 tanti
886 750 937 808 est
958 744 1148 826 superlatio,
1171 743 1332 807 exanimi
1355 764 1443 807 mera
1464 742 1597 808 laetitia

354 850 588 936 prorumpens?
611 851 747 936 Cogitat
767 851 940 917 Horatius:
966 852 1089 930 „Dulce
1112 859 1171 931 est,
1194 851 1339 936 desipere
1360 854 1402 915 in.
1416 851 1516 916 loco.“
1549 850 1596 916 cf.

355 981 438 1051 quae
465 961 576 1026 Acron
605 967 757 1027 annotat:
791 960 919 1041 „Verbo
940 982 1020 1024 usus
1042 967 1093 1026 est
1116 961 1340 1026 convivarum:
1371 967 1502 1026 centum
1524 980 1597 1043 cya-

354 1068 462 1133 thos!“
486 1069 589 1145 Recte
610 1069 791 1148 Bentleius,
813 1069 904 1133 nisus
926 1070 984 1134 illo
1007 1067 1104 1134 Ovidi
1117 1069 1206 1147 loco,
1229 1067 1319 1132 Fast.
1342 1067 1404 1148 111,
1426 1075 1500 1131 531:

555 1175 650 1256 „Sole
671 1184 782 1242 tamen
804 1176 1088 1259 vinoquecalent,
1110 1197 1276 1260 annosque
1298 1183 1484 1259 precantur,

553 1266 642 1362 Quot
664 1293 796 1352 sumant
817 1286 964 1369 cyathos,
988 1285 1029 1350 ad
1050 1305 1284 1368 numerumque
1305 1284 1456 1365 bibunt“,

354 1395 592 1478 interpretatur
614 1400 763 1474 „centum
787 1394 923 1479 cyathos
946 1414 1036 1457 sume
1054 1401 1088 1459 et
1102 1394 1241 1484 totidem
1263 1394 1366 1459 amico
1389 1394 1506 1477 sospiti
1528 1415 1596 1478 pre·

354 1524 428 1567 care
450 1501 585 1567 annos!“
610 1537 649 1547 —
673 1502 921 1587 Peerlkampius
942 1503 981 1566 de
1003 1503 1167 1568 industria
1188 1502 1400 1568 difficultates
1422 1504 1560 1585 quaerit.

329 1668 348 1697 x
407 1688 413 1708 ,
436 1659 465 1699 v.
490 1641 538 1699 15.
560 1635 673 1701 Perfer
694 1637 844 1702 lucernas
866 1636 984 1720 vigiles
1007 1636 1041 1700 in
1062 1636 1176 1701 lucem.
1202 1636 1465 1720 Peerlkampius:
1490 1635 1596 1716 „Male

353 1746 457 1812 latine
486 1745 619 1811 dictum.
675 1743 873 1809 Perferimus
910 1744 1060 1809 lucernas
1096 1745 1232 1810 nimium
1268 1746 1491 1829 splendenter,
1534 1745 1598 1829 ipsi

353 1853 457 1918 oculis
493 1875 557 1918 non
594 1852 672 1950 adeo
703 1852 821 1934 firmis,
871 1853 924 1918 vel
951 1854 1143 1936 perferimus
1170 1853 1321 1919 lucernas
1350 1853 1435 1918 male
1461 1854 1596 1919 olentes.

353 1961 465 2027 Aliam
493 1963 659 2028 notionem
687 1960 867 2044 perferendi
896 1962 950 2025 hic
980 1960 1122 2047 ignoro.“
1157 1997 1188 2006 —
1221 1960 1470 2047 Peerlkampius
1494 1962 1599 2047 igitur

232 2100 239 2113 ·
353 2070 550 2135 vocabulum
571 2070 754 2153 perferendi
782 2069 812 2134 h.
835 2070 857 2134 l.
879 2070 1045 2136 notionem
1073 2093 1138 2136 non
1170 2070 1290 2135 habere
1320 2071 1506 2150 existimat,
1534 2070 1599 2133 nisi

235 2229 237 2231 >
355 2178 551 2261 „patiendi.“
603 2177 668 2243 Sed
696 2179 905 2258 monendum,
934 2178 1019 2242 hanc
1042 2178 1131 2245 vocis
1158 2179 1431 2264 significationem
1453 2180 1596 2245 omnium

355 2308 426 2351 esse
455 2287 684 2366 novissimam,
727 2307 947 2369 quascumque
982 2287 1013 2350 ci
1045 2287 1162 2370 optimi
1193 2287 1382 2354 tribuerunt
1411 2289 1595 2372 scriptores.

352 2394 515 2460 Primaria
537 2401 571 2460 et
591 2395 768 2479 peculiaris
789 2395 987 2481 significatio
1010 2401 1073 2460 est:
1098 2402 1248 2480 „portare
1264 2417 1321 2460 seu
1338 2395 1454 2462 ducere
1469 2395 1596 2479 aliquid

353 2503 395 2569 ad
423 2505 532 2570 locum
559 2504 702 2587 aliquem
730 2502 883 2568 certum.“
926 2503 971 2568 Et
993 2504 1077 2568 hanc
1099 2504 1230 2588 quidem
1251 2506 1417 2571 notionem
1438 2505 1499 2571 hoc
1521 2526 1596 2589 quo·

353 2633 416 2695 que
437 2612 508 2678 loco
529 2596 727 2677 vocabulum
747 2611 885 2678 obtinet.
927 2611 1014 2676 Nam
1034 2612 1187 2679 lucernae
1214 2613 1370 2680 dicuntur
1390 2636 1447 2698 pro
1468 2614 1596 2678 lumini·

276 2807 281 2815 ⁸
352 2720 431 2802 bus,
461 2735 544 2804 quae
573 2743 676 2805 usque
706 2721 748 2786 ad
776 2741 871 2785 mane
899 2728 998 2804 poeta
1019 2723 1160 2787 amicum
1185 2721 1278 2787 iubet
1299 2722 1474 2788 extendere
1496 2730 1596 2806 atque

353 2830 540 2914 producere.
591 2829 766 2915 Imagine
795 2829 899 2915 igitur
919 2829 1005 2895 hanc
1027 2831 1187 2916 expressit
1209 2832 1458 2917 cogitationem:
1490 2830 1596 2914 „Sina

355 2947 393 3005 ut
414 2939 614 3022 perducatur
635 2959 693 3003 seu
715 2940 925 3005 continuetur
939 2941 1127 3005 convivium
1147 2961 1251 3023 usque
1273 2940 1314 3006 ad
1335 2942 1474 3027 primam
1489 2940 1596 3005 lucem

354 3057 388 3115 et
409 3048 578 3113 nobiscum
600 3068 713 3127 mane,
734 3047 835 3112 donec
856 3048 987 3114 finitum
1009 3049 1081 3114 sit.“
1113 3046 1295 3132 (Orellius.)
1338 3048 1524 3115 Scholiasta
1545 3071 1595 3113 ex·

354 3158 472 3241 plicat:
504 3157 680 3239 „ducamus
701 3157 882 3221 insomnem
902 3159 1060 3223 noctem.“
1090 3194 1131 3205 -
1160 3159 1273 3224 Etiam
1300 3158 1381 3223 haec
1407 3165 1457 3225 est
1478 3165 1596 3243 poetae

353 3267 463 3331 iocosa
490 3265 679 3349 superlatio.
716 3302 756 3311 —
795 3264 947 3330 Ceterum
976 3250 1039 3332 duo
1071 3266 1215 3333 Bentleii
1244 3267 1370 3332 codices
1401 3266 1531 3353 (Regin.
1561 3275 1595 3333 et

352 3372 513 3457 Magdal.)
535 3373 692 3439 exhibent
716 3373 878 3457 „profer“,
907 3395 1005 3457 quam
1033 3374 1208 3442 lectionem
1236 3376 1466 3461 ambiguitatis
1495 3397 1595 3441 causa

353 3483 462 3547 minus
483 3481 761 3548 accommodatam
783 3503 853 3547 esse
873 3490 986 3566 putat;
1015 3483 1054 3550 de
1076 3486 1240 3569 scriptura
1263 3485 1405 3570 „perfer“
1434 3486 1517 3550 nihil
1542 3485 1595 3549 ad-

354 3591 496 3658 dubitat.
517 3626 559 3636 -
580 3590 646 3668 Qui
666 3593 751 3672 vult,
772 3597 882 3675 potest
903 3592 1090 3678 intelligere
1111 3599 1252 3677 poetam.

435 3723 466 3765 v.
491 3707 564 3763 15-
574 3706 622 3763 16.
664 3698 785 3764 Procul
806 3698 910 3765 omnis
932 3707 1003 3766 esto
1026 3701 1148 3768 clamor
1169 3708 1203 3769 et
1225 3703 1283 3776 ira
1331 3701 1592 3787 Peerlkampius:

339 3808 465 3890 ,Inter
491 3809 718 3874 Maecenatem
747 3814 781 3872 et
809 3807 1006 3873 Horatium?
1048 3809 1134 3875 Nam
1162 3811 1202 3876 de
1231 3811 1306 3876 aliis
1337 3799 1483 3876 convivis
1511 3811 1595 3876 nihil

351 3919 491 4003 legimus
521 3938 626 4000 neque
655 3939 696 3980 ex
718 3917 860 3980 carmine
880 3916 934 3981 vel
956 3920 1161 4002 suspicamur
1180 3918 1291 4003 plures
1312 3919 1528 3985 interfuisse.“
1553 3956 1593 3965 -

351 4027 521 4091 Lehrsius:
552 4026 640 4106 „Das
668 4027 713 4091 ist
732 4028 768 4109 ja
789 4031 886 4090 nnter
908 4026 968 4089 deu
991 4027 1180 4112 gegebeuen
1200 4026 1403 4101 Umst'anden
1428 4029 1593 4113 unsinnig.

352 4133 426 4199 Von
456 4156 538 4199 wem
568 4134 613 4197 ist
635 4133 720 4197 denn
742 4133 783 4197 da
804 4132 956 4220 Priigelei
977 4156 1020 4201 au
1041 4134 1217 4203 furohten?
1259 4136 1327 4200 Der
1347 4138 1488 4223 richtige
1509 4136 1593 4201 Vers

351 4262 441 4306 muss
471 4242 621 4307 verloren
651 4263 801 4328 gewesen
823 4244 902 4308 sein.
952 4244 1012 4308 lch
1036 4244 1121 4310 habe
1142 4245 1354 4330 gesohrieben
1378 4247 1510 4330 „procul
1530 4268 1593 4312 om-

351 4352 403 4414 nis
433 4356 502 4415 esto
531 4370 610 4414 cura
637 4350 770 4416 futuri.“
803 4384 844 4394 -·
879 4351 970 4415 Nihil
1001 4353 1109 4418 minus
1139 4353 1240 4419 verba
1267 4355 1387 4421 Horati
1415 4357 1594 4434 continent,

352 4480 450 4543 quam
477 4459 620 4543 ineptias
649 4480 687 4522 ac
716 4458 861 4523 verbera.
912 4459 1042 4527 Clamor
1064 4468 1114 4526 est
1137 4462 1264 4543 „laute,
1285 4464 1451 4529 ltrmende
1473 4464 1593 4543 Rede“,

300 4643 302 4652 Ι
350 4568 401 4632 ira
424 4567 646 4652 „Heftigkeit,
667 4567 900 4652 Ereiferung“,
922 4569 1043 4635 clamor·
1065 4578 1098 4635 et
1120 4572 1169 4635 ira
1193 4572 1336 4654 „lauter,
1357 4574 1500 4659 hitniger
1520 4574 1592 4637 Dis-

350 4679 440 4756 put.“
463 4676 632 4762 -Finge
654 4676 758 4761 igitur
778 4676 952 4741 Horatium
976 4687 1009 4743 et
1030 4679 1266 4761 Maecenatem,
1288 4680 1436 4747 dextram
1458 4681 1592 4747 dextrae

347 4783 537 4871 iungentes,
560 4793 735 4869 utrumque
755 4786 861 4870 polita
882 4807 1008 4852 morum
1030 4789 1195 4874 elegantia
1217 4791 1390 4875 animoque
1413 4815 1432 4855 a
1454 4791 1593 4856 delecta-

1720 4773 1730 4903 't
