3900 5725
904 1267 1051 1383 Pars
1091 1263 1131 1382 1.

400 1531 617 1617 Generale
643 1533 696 1616 de
719 1534 910 1618 Horatio
927 1535 1060 1638 poeto
1078 1537 1225 1638 lyrioo
1243 1527 1487 1640 iuditium}
1509 1558 1638 1621 enar·

589 1736 591 1741 ,
640 1656 887 1741 randorum
912 1660 1163 1743 torminum
1190 1662 1403 1746 rationes.
1509 1742 1513 1749 a

399 1890 596 1992 Antequam
618 1908 748 1975 adrem
768 1910 874 1994 ipsam
896 1911 1088 1997 aggrediar,
1109 1912 1268 1979 nonnulla
1289 1915 1432 1999 praefari
1451 1913 1549 1997 libet,
1570 1916 1638 2000 qui·

400 2015 462 2080 bus
483 2021 642 2101 tanquam
664 2018 850 2083 defensione
872 2018 1013 2103 quadam
1034 2026 1127 2102 utar,
1156 2042 1214 2086 our
1234 2021 1277 2087 ad
1304 2021 1499 2108 explicanda
1518 2022 1638 2089 Horati

401 2126 562 2207 earmina,
592 2148 660 2191 rem
681 2127 796 2194 tritam
818 2126 949 2213 quidem
968 2128 1081 2210 illam,
1108 2129 1228 2196 iterum
1255 2115 1399 2196 animum
1419 2132 1570 2216 viresque
1591 2132 1637 2197 in-

399 2234 569 2299 tenderim.
618 2233 730 2321 Atque
751 2237 866 2321 paucis
888 2236 1020 2321 quidem
1041 2258 1216 2322 exponam,
1247 2237 1410 2323 quodnam
1436 2237 1475 2304 de
1495 2238 1636 2307 Horatio

399 2350 498 2428 poeta
525 2343 629 2427 lyrioo
658 2346 810 2431 generale
839 2345 997 2411 iudicium
1023 2345 1209 2412 faciendum
1231 2367 1376 2432 quasque
1397 2347 1636 2433 interpretandi
1719 2377 1721 2382 ·

400 2452 545 2517 earmina
565 2454 711 2519 rationes
730 2454 806 2519 inde
828 2454 1020 2539 promendas
1042 2449 1293 2520 esse‘oenseam.

481 2559 521 2625 In
543 2582 689 2628 sermone
711 2562 818 2628 soluto
841 2561 970 2644 Oioero,
998 2564 1033 2627 in
1054 2564 1202 2630 oratione
1226 2563 1369 2629 numeris
1398 2562 1553 2630 devincta
1572 2564 1637 2632 Ho-

398 2670 505 2736 ratius
532 2656 700 2736 summum¹
722 2670 870 2738 aseendit
900 2671 1081 2759 fastigium.
1131 2672 1308 2754 „Testatur
1329 2672 1416 2738 enim
1435 2693 1557 2757 magna
1576 2672 1637 2738 illa

399 2778 486 2864 apud
508 2779 654 2845 eruditos
675 2780 819 2845 omnium
840 2785 990 2846 aetatum
1010 2780 1157 2847 homines
1185 2782 1295 2867 gratia
1314 2780 1450 2862 Horati,
1479 2801 1550 2846 esse
1580 2780 1636 2848 ali-

400 2887 478 2973 quid
496 2890 532 2954 in
553 2887 753 2954 carminibus
775 2890 855 2971 eius,
877 2888 964 2974 quod
984 2890 1039 2955 vel
1058 2890 1094 2954 in
1114 2889 1258 2955 maxima
1278 2889 1473 2956 iudiciorum
1493 2891 1637 2977 ingenio·

398 3017 534 3083 rumque
562 2998 756 3064 diversitate
784 2997 934 3064 omnibus
962 2997 1176 3065 delectationi
1207 3018 1277 3063 esse
1306 2999 1465 3082 potuerit3
1508 2999 1636 3083 nitique

398 3106 478 3171 mihi
499 3106 588 3172 haud
608 3107 741 3172 minime
762 3105 894 3173 videtur
913 3107 949 3172 in
970 3106 1139 3188 orationis,
1162 3127 1260 3191 quam
1269 3104 1445 3171 Petronius
1457 3105 1538 3173 dieit
1550 3102 1635 3190 (Sat.

400 3221 469 3296 118,
479 3213 523 3298 5.)
538 3217 686 3298 „curiosa
694 3215 888 3298 felicitate“,
908 3217 944 3282 in
963 3216 1082 3282 limata
1092 3216 1300 3303 elegantique
1312 3213 1492 3279 carminum
1501 3214 1634 3280 lomna!⁸

399 3323 463 3408 (cf.
483 3323 617 3409 Hagel.)
670 3323 744 3401 Qua
774 3325 928 3391 maiorem
959 3346 1038 3390 sane
1067 3323 1380 3390 commendationem
1409 3323 1553 3388 earmina
1581 3323 1636 3388 ha·

397 3433 477 3499 bent
506 3433 641 3498 nullam.
683 3433 799 3519 Neque
828 3434 915 3498 enirn
943 3432 1120 3519 ignorabat
1141 3431 1316 3512 Horatius,
1343 3429 1492 3516 linguam
1520 3429 1636 3496 Roma·

397 3563 473 3607 uam
494 3542 585 3607 felici
613 3550 750 3626 quaest
772 3543 926 3608 ubertate
948 3548 984 3608 et
1005 3542 1173 3627 gravitate
1195 3538 1353 3607 orationis
1378 3538 1511 3604 ornatui
1531 3537 1636 3604 rheto-

397 3650 464 3716 rioo
492 3649 665 3716 admodum
691 3651 865 3732 inservire,
894 3648 1075 3733 subtilique
1098 3647 1235 3715 artifiois
1256 3647 1364 3713 animo
1385 3646 1446 3710 hao
1468 3645 1637 3731 praeclara

398 3760 499 3843 patrii
528 3759 685 3829 sermonis
706 3760 741 3825 vi
763 3765 864 3842 atque
885 3764 1006 3824 natura
1027 3766 1106 3823 usus
1128 3764 1188 3824 est.
1236 3754 1331 3832 Quod
1352 3775 1453 3839 quum
1475 3753 1514 3818 de
1534 3752 1637 3818 Hora·

398 3869 447 3933 tio
468 3868 606 3932 facimus
628 3866 800 3948 iudioium,
820 3866 881 3931 hoo
903 3862 1030 3952 semper
1049 3865 1227 3933 tenendum
1248 3871 1299 3931 est
1320 3864 1448 3944 animis,
1469 3861 1511 3927 ad
1530 3861 1637 3947 lyrioa

398 3975 626 4042 tantummodo
647 3979 718 4041 eius
740 3976 885 4042 earmina
902 3982 1049 4042 nostram
1069 3980 1217 4060 spectare
1239 3972 1446 4038 sententiam.
1487 3970 1637 4054 Namque

399 4085 449 4153 ita
470 4087 557 4152 inter
585 4107 694 4152 omnes
723 4087 810 4151 viros
839 4084 952 4151 dootos
974 4083 1127 4150 convenit
1149 4088 1183 4148 et
1203 4082 1264 4147 hoo
1286 4081 1409 4166 optimo
1431 4080 1548 4164 auique
1570 4078 1637 4163 pla·

401 4196 484 4276 ouit,
525 4216 685 4260 summam
713 4193 833 4260 Horati
860 4194 1019 4260 virtutem
1048 4192 1212 4278 poeticam
1239 4212 1304 4255 non
1333 4209 1403 4254 esse
1429 4188 1573 4272 positam
1601 4187 1637 4252 in

400 4305 501 4368 animi
522 4304 706 4387 mentisque
727 4303 840 4389 vigore
861 4308 894 4367 et
916 4301 1108 4382 alacritate,
1136 4297 1201 4366 non
1228 4301 1264 4384 in
1293 4296 1496 4363 fecunditate
1515 4295 1637 4381 ingeni,

400 4435 465 4479 non
486 4414 521 4478 in
544 4412 758 4480 commotione
783 4411 912 4477 fervida
938 4432 1044 4494 neque
1072 4410 1106 4474 in
1128 4410 1176 4475 eis
1197 4413 1315 4493 poetae
1334 4405 1432 4491 lyrioi
1453 4403 1638 4484 affectibus,

401 4524 458 4606 qui
485 4520 583 4587 rebus
610 4528 769 4605 tanquam
799 4519 900 4585 infusi
928 4519 1032 4604 ipsius
1061 4517 1191 4602 quidem
1219 4516 1365 4602 proprios
1392 4502 1502 4579 motus
1534 4510 1636 4594 expri-

401 4638 503 4712 mant,
525 4632 622 4696 unius
644 4631 801 4713 cuiusque
822 4637 934 4694 tamen
957 4628 1058 4692 animi
1081 4626 1328 4694 commotionem
1349 4620 1489 4687 reddant
1511 4617 1637 4684 eteius

402 4742 496 4826 quasi
517 4738 637 4806 fidibus
659 4735 894 4827 quodammodo
916 4742 1084 4801 resonent:
1112 4734 1168 4800 sed
1188 4735 1223 4798 in
1243 4733 1390 4818 perfecta
1411 4727 1637 4817 completaque
