3900 5725
864 678 1071 750 *td-:⁴

310 863 312 866 ⁴
427 832 462 911 lu
506 834 662 907 Periodus
684 834 717 905 in
740 841 848 925 primo·
865 842 1032 924 nequieritis
1055 841 1207 925 strophae
1229 859 1325 910 versu
1349 830 1515 907 conclusa}

344 943 388 1032 ΙΙ,
411 951 459 1029 15,
483 956 535 1020 25:
561 950 743 1029 „Demersit
764 948 862 1022 alto.“

342 1059 387 1138 ll,
411 1066 459 1138 17,
482 1066 535 1132 21:
560 1057 760 1136 ,Servavitfl

342 1168 386 1247 ΙΙ,
409 1174 457 1245 30,
480 1173 512 1229 9;
559 1167 688 1246 „Invita
710 1166 847 1249 prodit,“

342 1276 405 1355 111,
427 1281 476 1355 29,
499 1280 531 1337 9:
560 1275 706 1356 „Innube
726 1274 867 1354 verum.“

333 1383 405 1463 ἸΠ,
422 1389 535 1461 29,17;
560 1383 628 1462 „De
649 1383 723 1447 luce
743 1380 891 1447 lucem?“

341 1491 404 1571 ΙΠ,
420 1498 469 1570 47,
480 1498 532 1553 25;
558 1491 733 1571 „Immittit
755 1491 882 1556 astris.“

271 1579 276 1588 ’
333 1598 1018 1681 11.ir,17.11‚34,milliacos.
1061 1597 1112 1682 (P.
1133 1599 1178 1675 11.
1201 1600 1238 1663 Β.
1260 1600 1321 1664 No.
1345 1598 1428 1681 lu.)

425 1736 448 1798 Ι.
490 1732 614 1798 Versus
635 1754 653 1797 e
675 1731 874 1797 carminibus
895 1732 1087 1816 Horatianis
1109 1731 1304 1820 deprompti:

341 1842 386 1923 Π,
409 1848 457 1920 15,
481 1850 531 1905 11:
561 1841 684 1923 „Dulce
707 1846 767 1922 est,
788 1840 989 1923 desiperem
1010 1840 1081 1907 loco

561 1950 675 2016 Factis
698 1933 835 2033 quisque
857 1949 926 2022 suis
946 1948 1070 2022 ¹clamat
1090 1948 1277 2015 Horatius.“

341 2059 386 2140 ΙΙ,
410 2068 457 2139 12,
482 2068 513 2122 1:
559 2058 771 2138 „Miserarum
793 2062 844 2122 est
865 2077 969 2140 neque
992 2058 1095 2122 amori
1116 2057 1193 2122 darc
1213 2058 1310 2123 finem

560 2167 675 2251 Neqm
697 2216 828 2231 ·····
850 2215 864 2246 ’.Δ
882 2215 890 2230 ⁰
913 2215 920 2228 .
944 2166 970 2229 'u

340 2276 404 2357 111,
427 2283 455 2356 2,
479 2284 511 2338 1;
565 2275 746 2354 „Montium
765 2295 896 2359 praeses
917 2296 1149 2359 nemorumque
1171 2276 1293 2361 virgo„“

339 2385 402 2464 ΙΙΙ,
423 2391 452 2463 4,
475 2390 527 2446 95;
559 2434 574 2462 ,,
599 2433 605 2445 .
628 2432 635 2447 .
659 2434 665 2446 .
691 2433 697 2446 .
721 2434 727 2447 .
750 2433 758 2448 .
781 2433 788 2446 .
810 2383 923 2464 Necte,
946 2382 1090 2466 Christe,

558 2491 662 2559 Necte
684 2498 762 2558 tuae
784 2479 891 2566 violae
913 2490 1093 2569 οοτοιιειιῐϋι

339 2600 401 2681 ΠΙ,
424 2608 453 2681 6,
476 2609 527 2664 14;
555 2650 571 2681 ,,
596 2650 603 2663 .
626 2651 634 2666 .
657 2650 663 2663 .
686 2650 694 2663 .
718 2650 725 2664 .
748 2650 755 2662 .
780 2651 786 2662 .
808 2600 930 2675 Desine
951 2601 1108 2681 tristium,

560 2708 680 2795 Vogti,
702 2709 927 2793 quaerelarum
950 2758 1080 2773 .....
1084 2709 1100 2739 “

239 2897 241 2900 ,
339 2818 402 2901 ΙΠ,
425 2825 473 2900 29,
496 2825 529 2882 2ε
559 2816 605 2899 „0
627 2824 732 2884 matre
753 2816 890 2902 pulchra
912 2816 1049 2902 parvule
1069 2818 1264 2902 pulchrior.“

339 2935 401 2994 cet.
424 2935 485 2994 cet.

423 3035 530 3113 Quam
552 3037 718 3122 egregiam
740 3035 951 3122 componendi
973 3040 1078 3115 artem
1099 3043 1231 3125 politam
1257 3044 1405 3105 nostrum
1426 3059 1491 3117 non
1512 3038 1583 3115 siue

339 3145 476 3226 iudicio,
501 3152 661 3229 tanquam
683 3147 903 3230 operariorum
924 3166 998 3209 cum
1019 3145 1196 3211 habilitate
1218 3152 1318 3229 atque
1339 3145 1517 3226 sedulitate
1539 3144 1580 3210 ab

340 3254 481 3329 Horatio.
501 3254 710 3338 surripuisse,
731 3253 789 3319 sed
809 3255 922 3340 ingeni
942 3275 1064 3340 magna
1085 3274 1159 3334 cum
1181 3253 1332 3323 sollertia
1350 3260 1450 3338 atque
1474 3254 1582 3333 dexte·

339 3363 440 3428 ritate
462 3362 660 3444 exercuisse,
691 3362 788 3427 facile
808 3362 992 3450 intelliges,
1022 3363 1050 3439 si
1072 3360 1124 3428 vel
1146 3384 1247 3437 unum
1268 3362 1413 3443 locorum
1433 3362 1582 3441 laudato·

339 3492 411 3535 rum
432 3470 588 3553 subtilius
610 3470 857 3536 examinaveris.
871 3506 913 3516 —
926 3469 1140 3549 Memorabile
1162 3477 1196 3539 et
1217 3471 1280 3537 tali
1300 3472 1425 3549 virtute
1439 3471 1581 3563 'dignum

339 3575 540 3664 epigramma
562 3578 813 3664 Christophorus
834 3577 987 3644 Bechtlin
1008 3578 1128 3644 Iacobo
1149 3578 1252 3657 Baldo
1274 3579 1432 3657 condidit:

537 3687 681 3768 Lusisti,
702 3686 837 3766 Iacobe,
858 3687 948 3771 lyra,
969 3708 1030 3752 nec
1052 3687 1180 3761 dulcius
1201 3707 1345 3770 unquam

537 3795 724 3862 Phoebeum
745 3795 859 3880 digitis
880 3795 1014 3880 impulit
1034 3790 1125 3877 ullus
1145 3795 1234 3860 ebur.

539 3903 736 3988 „„Quisquis
757 3903 810 3967 hic
832 3910 892 3983 est,
914 3901 1170 3991 (regeresquurn
1177 3905 1237 3977 fila
1246 3903 1413 3988 sonantia)
1424 3905 1580 3980 Flaccum

537 4013 566 4078 Ε
587 4012 715 4080 tumulo
736 4012 921 4093 revocat““,
943 4012 1027 4090 dixit
1048 4013 1178 4098 Apollo,
1202 4013 1399 4095 „„meum““.

536 4121 625 4201 Risu
649 4121 789 4206 „quique
809 4122 886 4205 lyra
905 4122 993 4205 potis
1015 4128 1066 4197 cst
1087 4123 1134 4199 sie
1154 4122 1297 4203 ludere“,
1318 4124 1396 4204 dixi,

540 4230 586 4311 „E
606 4230 733 4297 tumulo
755 4229 911 4295 Flaccum
933 4251 998 4295 non
1019 4237 1162 4311 revocat,
1184 4231 1329 4337 sepelit,u

422 4367 629 4451 Quamquam
649 4386 709 4429 neo
731 4363 883 4447 sepelivit
904 4385 963 4428 nec
985 4363 1471 4448 sepeliet-BuldiusHoratium;
1492 4390 1580 4434 nam·

340 4500 402 4568 que
431 4483 565 4543 auctore
595 4498 659 4540 non
688 4480 739 4539 est
767 4474 871 4538 maior
899 4474 1057 4538 aemulus.
1120 4473 1170 4538 Ne
1199 4458 1484 4558 praestantissima
1513 4479 1580 4560 qui·

340 4587 411 4654 dem
440 4585 537 4651 Beldi
566 4585 712 4648 carmine
741 4602 780 4646 ea
809 4582 1052 4665 compositionis
1080 4581 1301 4659 modulatione
1329 4590 1486 4665 utuntur,
1516 4608 1583 4670 qua

339 4695 498 4761 Horatius
520 4692 822 4779 auresfflatissime
845 4689 1034 4776 permulcet.
1085 4689 1151 4755 Sed
1170 4693 1336 4778 perspexit
1358 4693 1502 4775 Baldius·
1516 4696 1580 4761 Ho-

339 4804 404 4870 rati
435 4808 593 4869 summani
623 4801 780 4868 virtutem
810 4799 903 4887 eique
932 4799 1055 4867 iustam
1080 4798 1199 4868 tribuit
1221 4809 1255 4865 ct
1276 4801 1426 4875 meritam
1449 4825 1580 4889 operam

339 4920 439 5002 atque
460 4910 730 4980 aestimationem.
