3900 5725
867 464 1073 566 ἑῇ*

350 642 549 730 comprobat.
594 643 668 720 Qua
689 646 724 710 in
745 666 779 709 re
802 644 1073 728 quemadmodum
1093 650 1193 728 potita
1215 644 1454 729 cogitationum
1475 645 1596 708 nexum

349 754 536 838 reliquerit,
566 753 716 837 equidem
742 776 807 819 non
827 753 933 818 video.
985 753 1102 818 Totius
1132 754 1218 817 enim
1247 753 1401 818 carminis
1430 754 1596 834 comicam,

349 870 388 929 ut
409 863 460 929 ita
482 863 609 943 dicam,
631 862 843 928 severitatem
863 883 902 926 ac
924 861 1142 947 gravitatem,
1170 882 1253 944 quae
1274 882 1315 925 ne
1337 861 1372 926 in
1392 863 1507 946 primis
1529 862 1597 945 qui·

350 972 422 1037 dem
459 972 602 1056 strophis
637 971 783 1056 ignorari
817 976 927 1054 potest
950 968 1020 1056 ³(cf.
1057 992 1131 1055 pag.
1170 969 1261 1053 27.),
1303 970 1463 1036 Horatius
1498 977 1596 1056 grata

349 1081 513 1146 locatione
538 1079 725 1146 luculenter
752 1079 846 1144 anxit
874 1086 975 1162 atque
997 1079 1138 1145 ornavit.
1175 1065 1338 1144 ¹Indidem
1366 1078 1481 1163 lupum
1502 1079 1597 1146 illum

351 1195 470 1272 quarta
491 1188 626 1272 stropha
647 1194 718 1253 tam
737 1187 905 1253 horridum
927 1193 1028 1270 atque
1050 1184 1232 1253 terribilem
1255 1187 1396 1268 effinxit,
1428 1209 1526 1271 quam
1548 1210 1598 1252 su·

350 1297 568 1381 perlationem
595 1296 875 1362 accommodatam
897 1297 997 1361 etiam
1020 1317 1091 1360 esse
1114 1295 1309 1377 adsensus,
1339 1296 1459 1380 quibus
1490 1303 1598 1381 poeta,

351 1415 451 1490 quum
474 1406 676 1490 conspiceret
697 1405 828 1489 lupum,
851 1404 962 1470 subito
985 1411 1187 1485 moveretur,
1214 1411 1303 1471 recte
1325 1404 1598 1490 Dillenburgerus

351 1520 499 1580 annotat.
549 1513 664 1597 Neque
695 1513 773 1579 vero'
805 1514 909 1578 nimia
938 1518 1045 1578 estet
1072 1514 1248 1578 temeraria
1276 1513 1469 1597 superlati03
1500 1513 1598 1598 lupus

352 1624 438 1688 enirn
460 1624 542 1688 satis
563 1621 722 1688 terribilis
745 1622 847 1686 etiam
868 1621 1019 1686 leonibus
1042 1623 1428 1702 anteacommemoratis3
1450 1623 1490 1688 oi.
1514 1643 1598 1706 qnae

351 1755 382 1817 p.
405 1737 453 1795 25.
477 1732 516 1796 de
537 1731 625 1815 lupis
653 1730 774 1815 Apulis
805 1730 971 1796 annotavi.
1011 1766 1051 1776 —
1083 1728 1212 1806 Quibus
1234 1732 1392 1816 expositis
1416 1731 1530 1816 lupum
1552 1751 1599 1796 sa·

351 1841 396 1906 tis
418 1838 602 1904 defendisse
624 1840 786 1905 existimo.

359 2055 362 2060 ⁶
434 1972 585 2056 Denique
623 1973 666 2038 ad
702 1972 938 2038 defendendam
974 1973 1128 2037 carminis
1165 1972 1387 2039 condicionem
1422 1976 1599 2059 genuinam
1663 2001 1667 2007 ⁴

351 2082 463 2147 forma·
488 2081 635 2162 accedit,
667 2103 732 2165 qua
753 2083 862 2147 nescio
885 2102 928 2146 an
948 2082 1068 2147 Horati
1090 2082 1196 2168 magis
1218 2084 1384 2166 proprium
1406 2083 1533 2166 aliquid
1552 2085 1598 2148 in·

351 2191 457 2256 veniri
477 2191 592 2275 possit.
1256 2259 1259 2264 ,

433 2299 474 2364 V.
487 2308 514 2363 1.
544 2299 729 2384 „Integer
750 2300 841 2364 vitae
863 2299 1060 2382 scelerisque
1082 2299 1226 2384 purus“
1251 2300 1431 2365 chiasmum
1452 2301 1599 2367 invenies

353 2429 489 2492 eamque
511 2408 746 2474 vocabulorum
773 2408 1036 2492 dispositionem,
1066 2429 1164 2492 quem
1186 2415 1279 2493 parte
1301 2409 1345 2472 II.
1367 2408 1409 2473 A.
1432 2420 1460 2473 3.
1483 2432 1509 2474 c.
1532 2412 1600 2476 lau·
1631 2385 1659 2398 ...

222 2591 224 2596 ,
353 2516 438 2582 davi.
461 2552 501 2595 -ss

351 2646 383 2690 v.
406 2632 434 2689 6.
554 2674 879 2706 ............
902 2626 1187 2710 inhospitalem

553 2733 800 2800 Caucasum.
824 2783 831 2797 .
855 2784 862 2798 .
886 2784 893 2798 .
917 2734 973 2798 ..“
1020 2733 1068 2799 Of.
1090 2734 1127 2798 P.
1149 2735 1194 2798 Π.
1216 2736 1254 2800 Β.
1279 2736 1339 2801 Νο.
1364 2737 1432 2805 18.

435 2866 466 2909 v.
490 2849 580 2909 7-8.
602 2842 704 2909 verba
726 2843 910 2909 arctissime
931 2843 1019 2909 inter
1042 2865 1076 2908 se
1103 2846 1275 2929 copulata,
1304 2845 1417 2928 „loca
1443 2848 1599 2916 fabulo·

353 2976 417 3019 sus
447 2954 586 3020 lambit
614 2953 846 3040 Hydaspes“
878 2954 1037 3019 Horatius
1069 2954 1244 3020 artificiose
1266 2956 1314 3020 sio
1346 2955 1532 3039 distribuit,
1561 2966 1600 3025 ut
1645 2986 1656 2997 ·’

356 3063 619 3146 „'fabul0sus“
644 3070 678 3129 et
702 3062 955 3148 „Hydaspes“
981 3063 1079 3127 finem
1100 3065 1272 3153 utriusque
1303 3086 1416 3130 versus
1449 3066 1600 3134 obtineat

354 3173 515 3257 simulque
547 3175 687 3257 primum
716 3172 915 3238 vocabulum
943 3172 985 3236 ad
1012 3173 1165 3253 tertium,
1199 3173 1341 3238 alterum
1373 3175 1417 3238 ad
1447 3182 1600 3258 quartum

353 3282 559 3347 referendum
581 3283 634 3348 sit.
679 3280 726 3347 cf.
748 3280 785 3344 P.
806 3280 851 3343 Π.
873 3280 911 3344 Β.
933 3281 998 3345 Νο.
1019 3281 1082 3347 12.
1105 3282 1166 3346 No.
1193 3281 1259 3347 10.

436 3413 467 3455 v.
491 3398 539 3454 12.
561 3390 663 3455 verba
687 3390 817 3474 „fugit
839 3390 1045 3453 inermem“
1078 3391 1259 3455 antithesin
1282 3390 1444 3472 efficiunt,
1473 3392 1512 3457 de
1535 3416 1600 3478 qua
1645 3454 1661 3465 ,,

356 3499 396 3562 cf.
418 3497 543 3564 Peters.
566 3521 596 3583 p.
620 3506 669 3562 11.
689 3497 751 3564 No.
774 3505 805 3562 3.-

437 3607 487 3671 De
510 3608 662 3691 strophae
685 3614 823 3691 quartae
846 3608 1089 3673 constructione
1111 3628 1211 3691 supra
1233 3607 1318 3688 dixi,
1341 3610 1381 3673 of.
1403 3632 1434 3695 p.
1458 3616 1507 3673 27.

437 3737 468 3780 ν.
491 3722 530 3779 17
553 3722 587 3782 et
610 3724 659 3780 21.
681 3717 848 3801 anaphora
868 3715 1028 3781 Horatius
1050 3738 1129 3780 usus
1153 3724 1212 3781 cst.
1242 3706 1404 3783 cf.P.'11.
1425 3719 1463 3782 Β.
1484 3719 1599 3788 Noa

437 3847 468 3890 v.
492 3832 539 3887 17.
562 3825 762 3891 adiectivum
786 3825 973 3911 „pigris“,
995 3825 1178 3909 postposito
1201 3826 1362 3892 vocabulo
1387 3827 1515 3909 „ubi“,
1536 3851 1601 3895 ma·

354 3932 455 3998 iorem
476 3936 655 4018 assumpsit
676 3935 757 4014 vim,
780 3954 864 4017 quae
886 3934 1061 3999 verborum
1083 3936 1331 4017 transmutatio,
1357 3936 1598 4021 „hyperbaton“
1638 3932 1657 3939 ”

354 4042 542 4123 nominata,
574 4043 649 4127 plus
670 4043 771 4108 semel
793 4043 880 4127 apud
900 4043 1076 4109 Horatium
1103 4044 1279 4108 invenitur.
1330 4043 1378 4109 cf.
1401 4045 1470 4126 III,
1493 4053 1528 4125 3,
1553 4054 1600 4111 11.

222 4170 224 4177 ·
355 4155 404 4213 32.
428 4149 472 4232 (v.
495 4173 526 4235 p.
550 4149 624 4236 13.).
655 4152 855 4233 111,4,13.
880 4158 927 4215 70.
958 4152 1027 4233 HI,
1051 4157 1100 4232 19,
1123 4159 1254 4215 25-2u
1277 4153 1320 4231 (v.
1342 4153 1487 4219 Dillenb.
1511 4153 1601 4239 ann.)

353 4257 740 4342 mammam
1271 4294 1274 4301 -

437 4391 467 4433 v.
492 4377 540 4434 18.
562 4370 760 4437 vocabulum
784 4371 961 4452 „arb‘or“,
984 4371 1019 4434 in
1043 4371 1150 4454 capite
1167 4390 1279 4445 versus
1295 4372 1449 4454 positum,
1473 4379 1505 4437 et
1528 4393 1601 4439 cum

354 4479 576 4561 superioribus
600 4487 633 4544 et
656 4501 729 4543 cum
750 4479 959 4544 inferioribus
982 4479 1092 4542 verbis
1114 4477 1314 4544 decussatim
1336 4500 1493 4544 conexum
1516 4490 1579 4546 est:
1683 4476 1686 4481 ’

556 4586 663 4667 „Pone
684 4609 735 4652 me
749 4589 858 4675 piqris
885 4588 942 4651 ubi
964 4587 1080 4651 nulla
1103 4589 1222 4672 corripis
1251 4586 1368 4652 arbor
1396 4591 1513 4654 aestino
1542 4612 1599 4653 re·

952 4702 1114 4759 creatur
1134 4719 1222 4758 auro.

221 4820 225 4839 ’
354 4801 403 4873 Cf.
425 4802 462 4867 P.
485 4801 528 4868 Π.
552 4801 589 4870 Β.
611 4803 672 4869 No.
698 4804 766 4874 10.
848 4804 971 4870 Peters.
996 4826 1025 4887 p.
1051 4808 1098 4864 19.
1120 4802 1180 4866 No.
1205 4809 1235 4865 5.
1257 4810 1338 4869 extr.
