3900 5725
838 1232 987 1342 Pars
1031 1232 1124 1343 IV.

747 1485 1218 1574 annotationes.

429 1702 538 1767 Haud
566 1702 766 1786 poenitebit,
807 1703 882 1779 hae
899 1709 1046 1770 extrema
1074 1701 1315 1768 dissertationis
1348 1707 1442 1785 parte
1472 1700 1599 1783 aliquot

358 1811 553 1894 scriptorum
570 1810 765 1877 Latinorum
787 1811 941 1892 earmina,
963 1812 1097 1877 metris
1119 1810 1352 1877 Horatianis
1374 1808 1600 1893 composita,

358 1919 500 1986 strictim
522 1919 691 2007 attigisse,
720 1927 758 1986 ut
779 1920 884 2004 pluris
904 1920 1005 1985 etiam
1024 1920 1143 1988 Horati
1171 1919 1351 1995 oarnnnum
1372 1918 1456 1983 bene
1478 1917 1600 1996 eonfor-

357 2027 548 2092 mandorum
570 2028 728 2095 virtutem
750 2029 960 2095 aestimemus
982 2035 1032 2109 et,
1060 2035 1261 2112 quantopere
1283 2028 1400 2093 ceteris
1420 2026 1527 2110 poetis
1549 2031 1616 2089 err-⁴

356 2135 474 2216 collat,
496 2136 673 2203 videamus.
704 2174 738 2181 -
762 2137 895 2203 Etenim
915 2136 1129 2201 inveniuntur
1151 2135 1279 2219 quidem
1300 2137 1335 2200 in
1357 2155 1466 2201 eorum
1489 2133 1601 2198 earmi-

355 2242 454 2307 nibus
485 2245 644 2328 quaedam
673 2246 847 2312 verborum
877 2245 1109 2310 oollooationes
1137 2243 1179 2309 ab
1201 2244 1340 2310 Horatio
1362 2243 1601 2325 frequentatae,

356 2350 412 2415 sed
434 2373 513 2417 casu
534 2354 588 2419 vel
609 2355 680 2438 ipso
701 2359 805 2420 metro
827 2353 895 2418 fere
916 2352 1088 2436 praebitae
1108 2373 1214 2436 neque
1236 2373 1309 2418 oum
1330 2351 1501 2436 ingeniosa
1524 2350 1601 2416 arti·

354 2459 426 2523 finis
446 2462 575 2527 ratione
597 2462 775 2544 quaesitae.
1138 2547 1146 2558 ⁵

440 2576 467 2632 1.
512 2568 611 2655 Apud
634 2569 831 2637 Catullum
850 2568 883 2653 ³³)
912 2570 1044 2636 venusti
1074 2590 1180 2653 neque
1202 2568 1343 2635 diffieilis
1365 2566 1599 2633 vocabulorum

355 2676 477 2743 ordinis
499 2680 648 2764 exempla
669 2681 750 2744 haee
771 2680 931 2744 invenies:
1439 2662 1442 2671 ¹

356 2784 460 2852 Oarm.
483 2786 544 2868 XI,
567 2794 618 2851 10:

555 2897 758 2978 „Caesaris
780 2899 890 2964 visens
911 2904 1124 2964 monumenta
1144 2899 1306 2983 magni.“

353 3005 443 3072 LXI.
465 3013 517 3070 66:

555 3117 698 3198 „Nulla
720 3118 792 3201 quit
815 3117 884 3182 sine
905 3110 949 3183 te¹
963 3117 1094 3183 domus

551 3225 689 3292 Liberos
711 3225 817 3291 dare.“

270 3344 273 3349 '
353 3331 460 3399 Oarm.
481 3333 643 3415 XXXIV,
665 3341 760 3399 5—8:

553 3442 600 3524 „0
620 3443 794 3510 Latonia
815 3446 950 3510 maximi

552 3551 696 3637 Magna
716 3553 890 3638 progenies
911 3555 1006 3635 Iovis,
1119 3539 1121 3546 ’

553 3657 659 3736 Quam
682 3666 788 3727 mater
808 3682 909 3746 prope
929 3660 1083 3727 Deliam
1148 3744 1150 3748 .

550 3769 714 3853 Deposuit
735 3769 916 3836 olivam.“

352 3875 403 3960 (P.
425 3877 470 3941 Π.
492 3878 528 3942 Β.
551 3876 611 3944 Νο.
634 3876 699 3946 la.
722 3884 756 3943 et
777 3877 847 3946 la.
871 3877 969 3960 extr.)

253 4004 256 4012 ·
352 3985 407 4049 LI.
431 3996 449 4023 ²²*
478 3993 572 4050 1-2:
1175 4066 1177 4070 Ι

465 4158 467 4163 ,
555 4095 652 4174 „Ille
673 4096 719 4177 mi
740 4084 800 4180 par
821 4117 891 4160 esse
912 4096 970 4161 deo
992 4096 1133 4176 videtur,

552 4203 642 4284 Ille,
664 4205 693 4268 si
714 4206 765 4269 fas
787 4210 852 4284 est,
874 4225 1029 4288 superare
1050 4203 1167 4270 divos.“

354 4310 691 4396 OERRMQ
1237 4392 1239 4396 Ι
1468 4384 1471 4391 ,

353 4419 485 4485 XVIII:
552 4421 666 4502 „Hune
686 4422 798 4488 lneum
818 4422 882 4489 tibi
904 4422 1017 4489 dedioo
1040 4441 1257 4506 oonseoroqne
1278 4422 1419 4505 Priape

553 4529 627 4605 Qua
649 4531 763 4597 domus
784 4537 845 4597 tua
866 4530 1042 4616 Lampsaci
1064 4537 1115 4597 est
1137 4552 1266 4617 quaque
1288 4530 1374 4596 silva
1395 4527 1571 4621 Priape.“
1692 4572 1707 4603 ·.

354 4636 693 4721 fflHRMw

387 4789 418 4863 ἔξ)
435 4787 476 4849 Cf·
493 4785 685 4848 odiebamus.
702 4788 837 4850 Schwabi.
872 4789 983 4852 Giessae
1002 4790 1075 4846 1866,
1164 4822 1169 4831 .
