3900 5725
879 698 1085 755 -34—

366 849 482 941 verint,
506 884 616 927 eorum
637 862 717 925 mihi
739 862 813 944 plus
835 861 944 924 valere
966 860 1097 930 videtur
1118 858 1283 936 iudicium,
1307 879 1403 941 quam
1420 848 1516 921 unius
1529 856 1604 920 Dio⁴

362 971 464 1036 medis
486 971 676 1035 auctoritas.
708 961 821 1052 Neque
843 970 1092 1052 inargumouto
1116 975 1173 1031 aut
1197 968 1429 1050 compositione
1452 966 1604 1029 carminis

362 1080 539 1163 quidquam
562 1077 710 1160 equidem
732 1077 853 1156 inveni,
876 1076 961 1159 quod
984 1076 1153 1160 indignum
1176 1077 1315 1141 Horatio
1338 1096 1496 1140 censeam.
1591 1118 1595 1124 ·

443 1210 692 1294 Peerlkampius
715 1232 819 1294 neque
839 1233 945 1274 rerum
980 1232 1018 1273 uc
1045 1217 1226 1293 temporum
1255 1209 1476 1275 condicionem
1502 1228 1605 1292 respe-

362 1321 426 1397 xit,
457 1341 562 1402 neque
584 1320 685 1383 animi
707 1320 954 1384 commotionem
976 1319 1159 1397 intellexit,
1182 1318 1301 1400 quibus
1322 1317 1482 1400 impulsus
1503 1317 1603 1381 Hora·

360 1431 428 1493 tius
448 1449 578 1492 carmen
601 1429 802 1511 conscripsit.

443 1536 587 1601 Cadente
618 1535 732 1627 arbore
760 1557 859 1618 quum
888 1558 990 1618 paene
1021 1556 1192 1619 oppressus
1221 1537 1298 1601 olim
1328 1541 1414 1600 esset
1435 1535 1604 1613 Horatius,

361 1646 419 1710 sed
440 1646 552 1710 divina
575 1666 673 1709 mauu
695 1645 775 1708 mire
798 1652 950 1709 servatus
972 1644 1027 1725 (cf.
1051 1644 1094 1723 II,
1119 1652 1165 1708 13.
1189 1644 1233 1724 H,
1256 1652 1304 1722 17,
1327 1642 1404 1726 tt),
1427 1644 1505 1722 deis,
1528 1664 1603 1727 quo-

317 1763 320 1770 '
359 1776 431 1819 rum
454 1776 551 1837 saepe
573 1760 728 1837 expertus
750 1759 837 1818 essct
860 1753 1021 1817 auxilium
1044 1751 1098 1833 (cf.
1107 1752 1134 1830 I,
1149 1759 1196 1815 22.
1219 1752 1281 1832 ΠΙ,
1296 1760 1325 1832 4,
1348 1751 1485 1834 9-28.),
1507 1758 1603 1837 grata

358 1869 466 1928 monte
489 1883 528 1927 ac
554 1863 609 1945 pia
640 1851 897 1927 conservationis
926 1882 1005 1925 snae
1033 1863 1188 1926 memoria
1216 1863 1393 1945 quotannis
1421 1862 1547 1928 hostias
1568 1882 1602 1924 se

358 1972 611 2048 immolaturum,
638 1977 774 2036 voverat
800 1970 878 2050 (III,
894 1978 922 2049 8,
941 1978 1031 2034 6--8.
1045 1970 1088 2050 H,
1108 1977 1155 2050 17,
1172 1969 1329 2053 30-32.).
1360 1971 1432 2035 Iam
1445 1969 1603 2035 redeunte

357 2080 471 2145 fatalis
486 2080 533 2143 rei
547 2079 599 2143 die
615 2100 715 2161 quum
732 2079 928 2144 sacrificium
941 2079 1201 2143 anniversarium
1220 2085 1404 2163 appararet,
1419 2078 1603 2157 Maecenas,

357 2177 511 2270 quemad
528 2187 643 2270 epulas
653 2207 726 2251 cum
740 2187 841 2251 sacris
853 2186 1064 2251 celebrandas
1074 2188 1286 2267 invita-verat,
1304 2188 1443 2253 miratus
1459 2186 1602 2265 advenit,

357 2317 414 2360 our
423 2296 483 2361 hoc
493 2296 699 2380 potissimum
709 2296 770 2373 die,
778 2295 1029 2374 Matronalibus,
1037 2294 1165 2359 caelebs
1175 2297 1299 2373 amicus
1308 2317 1417 2361 sacros
1425 2305 1604 2381 apparatus

356 2413 389 2469 et
398 2425 530 2470 coenam
539 2404 738 2468 institueret.
761 2403 1603 2489 Fortuitoenimevenerat,utHoratius,ipsoMatro-

355 2514 479 2578 nalium
502 2514 553 2578 die
575 2514 609 2577 in
631 2512 810 2595 periculum
831 2512 915 2576 illud
936 2512 1112 2592 adductus,
1135 2513 1194 2577 hoc
1216 2513 1407 2578 maritorum
1428 2513 1602 2579 dumtaxat

356 2622 408 2686 die
430 2623 525 2700 festo,
549 2643 747 2705 quamquam
770 2621 913 2700 caelebs,
936 2622 1086 2704 privatus
1107 2627 1219 2687 tamen
1242 2623 1329 2687 domi
1351 2644 1445 2689 sacra
1466 2624 1600 2700 faceret.

356 2728 462 2804 Quam
478 2730 644 2813 praeclara
668 2729 797 2793 iocandi
808 2751 881 2795 cum
892 2731 1084 2796 Maecenate
1106 2731 1249 2796 occasio!
1269 2732 1496 2798 Maecenatem
1506 2733 1601 2812 enim,

357 2840 413 2924 qni
436 2841 575 2905 fortasse
598 2860 663 2904 non
684 2839 749 2903 iam
772 2846 860 2906 certo
883 2840 1085 2906 meminisset
1108 2847 1207 2924 atque
1229 2841 1507 2922 reminisceretur,
1537 2864 1600 2926 quo

354 2949 406 3013 die
429 2969 558 3032 quoque
579 2950 735 3032 temporis
757 2955 878 3031 puncto
901 2969 997 3012 casus
1019 2948 1076 3012 illo
1098 2951 1202 3013 amico
1224 2950 1417 3030 accidisset,
1440 2951 1600 3031 consulto,

354 3079 454 3140 quum
482 3059 681 3123 invitaretur
709 3040 749 3120 sib
781 3057 935 3136 Horatio,
965 3057 1003 3119 de
1034 3057 1161 3122 ratione
1188 3057 1326 3123 sacrifici
1349 3038 1492 3124 celatum
1520 3080 1599 3139 esse,

352 3166 440 3230 haud
461 3174 583 3230 temere
605 3167 764 3249 suspicari
786 3187 973 3250 possumus,
1005 3186 1105 3248 quum
1134 3166 1326 3248 praesertim
1346 3167 1407 3232 hoc
1429 3189 1513 3232 anno
1535 3167 1598 3232 Ho-

353 3276 458 3340 ratius
487 3276 649 3359 primum
677 3274 873 3338 sacrificium
902 3275 1103 3339 institueret.
1155 3275 1358 3341 Maecenatis
1379 3275 1484 3360 igitur
1504 3276 1598 3341 mire·

353 3385 476 3448 tionem
505 3404 604 3465 quum
633 3384 740 3447 animo
770 3383 1022 3466 praesensisset,
1052 3383 1231 3448 intrantem
1261 3383 1391 3468 stupido
1420 3384 1517 3450 vultu
1546 3384 1597 3450 do-

352 3512 441 3556 mum
452 3492 578 3556 lasciva
588 3492 711 3575 excipit
726 3491 998 3576 interrogatione:
1024 3488 1153 3570 „Qum
1175 3491 1244 3556 hoc
1265 3497 1308 3556 tu
1329 3493 1472 3577 ignoras,
1493 3494 1597 3558 amice

354 3600 556 3678 doctissime,
579 3600 657 3682 quid
679 3621 754 3684 ego,
777 3620 971 3683 quamquam
999 3596 1136 3679 caelebs,
1158 3600 1289 3665 Martiis
1311 3622 1408 3686 agam
1428 3600 1597 3681 Kalendis,

354 3708 433 3791 quid
456 3709 558 3772 velint
580 3708 676 3775 flores
700 3759 705 3770 .
730 3758 736 3770 .
761 3708 810 3770 .‘l“
848 3709 998 3790 Namque
1019 3707 1102 3772 bene
1126 3707 1261 3788 sciebat,
1282 3698 1511 3785 Maecenatem
1531 3733 1596 3776 non

354 3838 454 3902 aegre
482 3819 567 3881 ferre
596 3817 679 3881 hanc
707 3817 919 3896 locationem,
950 3837 1015 3898 qua
1037 3818 1141 3881 amico
1164 3818 1260 3882 amici
1283 3819 1409 3884 sincera
1430 3819 1596 3885 familiari·

354 3932 425 3990 tate
455 3925 654 3990 oblivionem
684 3926 854 4003 obiiceret3
883 3926 947 3990 imo
976 3926 1163 3990 Maecenati
1191 3926 1292 3990 risum
1321 3948 1355 3992 se
1377 3947 1595 4013 ,excussurum

353 4034 487 4116 eiusque
501 4033 758 4098 exhilaraturum
771 4054 841 4098 esse
854 4035 996 4118 negotiis
1009 4041 1108 4117 atque
1125 4035 1211 4098 curis
1222 4016 1320 4101 nimis
1332 4057 1513 4121 repressum
1530 4040 1596 4103 ani·

353 4163 450 4221 mum,
472 4148 560 4207 certo
584 4141 776 4206 confidebat.
802 4141 914 4224 Atque
936 4143 1006 4225 ipse
1029 4143 1161 4208 sibimet
1175 4143 1262 4208 laete
1277 4144 1496 4230 interroganti
1518 4147 1594 4212 ami-

353 4271 426 4314 cum
446 4249 634 4333 respondet:
668 4250 849 4329 „Voveram
873 4251 984 4316 dulces
1007 4252 1121 4335 epulas
1144 4301 1273 4316 .....
1281 4254 1306 4333 ;“
1331 4275 1458 4320 omnem
1479 4257 1594 4336 amico,

351 4359 566 4442 necopinatae
593 4359 640 4422 rei
662 4359 836 4425 miratione
857 4367 1034 4444 occupato,
1058 4359 1213 4443 loquendi
1241 4363 1443 4428 occasionem
1473 4365 1593 4448 praeci·

351 4468 416 4549 pit;
437 4466 641 4532 instantibus
662 4468 813 4551 precibus
836 4490 908 4532 eum
932 4471 1077 4549 comiter,
1100 4477 1138 4535 ut
1159 4491 1225 4535 una
1246 4492 1355 4537 secum
1377 4473 1462 4538 diem
1471 4475 1592 4539 festum

351 4574 504 4653 celebret,
525 4582 621 4659 rogat
644 4596 682 4639 ac
703 4577 834 4642 retinet.
858 4613 897 4622 -
920 4576 1008 4652 Quid
1029 4578 1218 4661 pulchrius?

435 4683 572 4778 Carmen
602 4705 641 4747 ex
671 4686 778 4750 animo
809 4686 928 4751 Horati
960 4686 1117 4769 profluxit
1152 4689 1205 4771 pio
1235 4689 1292 4755 illo
1324 4697 1358 4758 et
1387 4698 1482 4778 grato
1513 4713 1591 4780 erga

351 4792 437 4872 deos,
458 4791 643 4857 Maecenati
665 4794 788 4859 fervido
811 4816 919 4859 amore
941 4795 1066 4874 dedito,
1100 4818 1120 4860 a
1140 4797 1212 4862 ioco
1234 4799 1388 4884 vitaeque
1410 4802 1592 4869 iucundita-

350 4898 441 4963 tibus
453 4900 584 4963 minime
606 4901 721 4967 alieno.
753 4902 804 4966 Ac
826 4903 894 4968 tale
917 4925 1045 4968 carmen
1066 4905 1236 4991 indignum
1258 4916 1409 4992 putemus
1430 4911 1590 4978 Horatio?

350 5005 508 5087 rQuum
530 5019 722 5094 argumento
736 5012 949 5095 praeclarum,
971 5024 1043 5078 tum
1064 5016 1167 5079 forma
1188 5019 1508 5101 praestantissimum
1530 5030 1589 5087 est.
