3900 5725
933 477 1161 535 --31--γ

416 641 505 704 tione
536 639 697 704 dissoluta
726 639 950 716 aversissimo,
981 638 1181 720 eundemque
1212 637 1385 701 Horatium
1416 640 1658 701 asseverantem

417 749 537 812 amicoz-
566 746 673 832 „Age,
702 748 891 826 Maecenas,
920 747 1027 829 gaude
1049 768 1190 824 mecum;
1219 725 1350 811 fortiter
1369 744 1447 808 bibe
1469 765 1508 809 ac
1529 764 1659 822 secure3

416 856 499 920 nihil
521 855 607 919 enim
628 855 825 934 timendum
852 856 966 940 procul
989 855 1093 921 omnis
1115 862 1185 920 esto
1207 855 1329 919 clamor
1350 859 1384 919 et
1404 833 1486 932 ira!*“¹
1519 888 1560 899 --
1581 874 1659 916 num

416 970 546 1050 gratam
573 964 715 1030 hominis
742 964 860 1041 urbani
887 964 1060 1029 lasciviam
1088 961 1242 1049 ignoras?
1271 983 1348 1026 num
1375 961 1494 1026 Horati
1515 948 1660 1025 animum

417 1074 458 1137 ad
480 1072 655 1137 iucundam
676 1072 878 1156 hilaremque
906 1074 1103 1138 iocationem
1125 1069 1342 1156 propensum?
1384 1069 1547 1153 Perquam
1569 1071 1660 1137 steri-

416 1182 458 1245 lis
488 1188 588 1263 atque
616 1182 728 1245 ieiuna
756 1164 836 1245 mihi
864 1181 997 1246 videtur
1024 1181 1232 1265 Peerlkampi
1268 1186 1302 1245 et
1335 1178 1451 1243 Lehrsi
1467 1164 1468 1169 ἵ
1484 1180 1660 1244 sententia.

416 1291 531 1373 Neque
561 1290 701 1355 alteram
731 1290 813 1355 satis
842 1290 994 1354 demirari
1020 1312 1151 1374 possum
1172 1288 1334 1373 frigidam
1348 1294 1382 1353 et
1402 1288 1499 1374 longe
1520 1288 1661 1371 petitam

417 1398 545 1481 aliquot
553 1398 770 1481 interpretum
786 1398 1025 1479 (Medenbachi
1046 1397 1203 1478 Liibkeri,
1225 1394 1283 1480 al.)
1300 1394 1567 1480 explicationem:
1592 1395 1661 1476 „Ne

418 1508 554 1572 clientes
575 1507 636 1584 tui,
659 1528 796 1589 quorum
817 1528 908 1572 mens
930 1508 1037 1572 estin
1060 1507 1200 1590 querelis
1222 1527 1261 1571 ac
1280 1505 1398 1571 litibus
1420 1505 1505 1583 suis,
1527 1504 1588 1569 hoc
1608 1526 1661 1589 ge·

417 1615 499 1679 niali
528 1615 580 1679 die
607 1621 642 1681 te
671 1622 866 1699 occupatum
894 1622 1030 1681 teneant
1060 1616 1204 1698 mihique
1235 1614 1425 1699 denegent.“
1464 1647 1503 1659 -
1545 1613 1660 1678 Lehrsi

419 1724 607 1789 coniectura
628 1744 872 1807 supervacanea
892 1731 943 1789 est
966 1732 1000 1791 et
1020 1723 1243 1815 improbanda.
1613 1720 1615 1725 ’

502 1879 531 1919 v.
556 1863 687 1922 25-26.
709 1858 889 1944 Negligens
911 1880 952 1923 ne
975 1880 1040 1941 qua
1061 1858 1201 1943 populus
1222 1857 1352 1924 laboret
1374 1909 1380 1921 .
1404 1908 1411 1921 .
1435 1908 1441 1921 .
1477 1857 1661 1922 Peerlkam-

338 1989 341 1994 ’
418 1967 503 2048 pius:
529 1966 638 2046 „Haec
658 1973 728 2032 tam
750 1968 862 2032 futilia
884 1974 971 2048 sunt,
993 1974 1032 2033 ut
1047 1976 1080 2033 et
1095 1967 1262 2033 nonnullis
1274 1966 1511 2051 interpretibus
1526 1963 1662 2031 summo·

417 2095 493 2156 pere
522 2074 765 2158 displicuerint,
803 2083 836 2142 et
866 2075 1019 2162 Guyetus
1048 2076 1214 2141 deleverit.
1270 2075 1450 2163 Negligens
1489 2074 1662 2140 intellectu
1722 2086 1724 2090 “

418 2182 557 2247 difficile.
609 2185 654 2250 Et
676 2206 832 2267 quaerere
853 2184 954 2264 libet,
984 2208 1028 2250 an
1049 2186 1217 2274 unahaec
1240 2205 1341 2250 coena
1361 2189 1492 2256 tantam
1516 2183 1662 2266 postulet

417 2292 663 2377 negligentiam.
706 2292 853 2376 Populus
874 2293 1050 2359 laborabat
1072 2294 1215 2373 scilicet,
1243 2294 1272 2358 si
1292 2294 1466 2358 Maecenas
1488 2314 1545 2376 per
1566 2293 1663 2358 horas

418 2401 545 2483 aliquot
573 2401 722 2468 mitteret
752 2424 846 2467 curas
877 2402 1004 2466 civiles:
1045 2402 1116 2467 Iam
1144 2402 1334 2483 Maecenas,
1363 2403 1550 2486 praefectus
1578 2400 1662 2466 urbi,

417 2532 481 2575 non
502 2516 591 2575 recte
613 2509 734 2576 dicitur
754 2511 933 2596 privatus.“
952 2548 993 2557 -
1017 2510 1135 2577 Totam
1153 2510 1324 2594 stropham
1346 2508 1391 2592 (v.
1415 2508 1562 2591 25—28.)
1584 2510 1662 2573 Mei·

417 2618 534 2682 nehius
556 2624 590 2684 et
611 2618 774 2684 Linkerus
795 2621 990 2685 reiecerunt.
1016 2656 1058 2667 ·-
1073 2619 1229 2685 Lehrsius
1252 2620 1347 2685 dicit:
1372 2618 1567 2699 „ledenfalls
1589 2619 1662 2683 sind

417 2729 469 2792 die
490 2727 608 2792 beiden
631 2734 748 2794 ersten*
761 2727 874 2793 Zeilen
896 2728 980 2792 ohne
1001 2727 1099 2807 Sinn3
1128 2728 1179 2792 die
1208 2720 1325 2793 beiden
1353 2727 1478 2794 letzten
1506 2727 1579 2792 sind
1600 2734 1662 2813 gut

416 2837 484 2903 und
513 2836 618 2921 geben
647 2837 742 2902 einen
770 2838 863 2904 recht
892 2837 1074 2922 passenden
1097 2836 1259 2904 Schluss.“
1290 2873 1332 2883 -
1359 2836 1555 2918 Videamus,
1583 2858 1660 2902 num

417 2946 529 3012 futilia
550 2947 619 3012 sint
639 2946 741 3012 verba
761 2955 888 3030 poetae.

498 3080 680 3160 Bentleius,
702 3087 890 3164 comparato
913 3102 1010 3162 carm.
1033 3082 1060 3160 I,
1082 3088 1131 3146 28.
1153 3104 1183 3146 v.
1200 3088 1248 3145 30.
1273 3056 1433 3166 „negligis
1457 3083 1660 3147 committere

415 3189 600 3269 fraudem‘,
630 3209 704 3254 cum
733 3190 912 3255 scholiasta
942 3190 1101 3274 explicat:
1140 3212 1306 3271 „securus,
1337 3213 1402 3256 non
1430 3192 1590 3271 timens,
1619 3214 1659 3256 ne

416 3319 504 3380 qua.
529 3346 535 3360 .
559 3347 566 3360 .
589 3298 616 3360 ‚“
661 3298 759 3362 Haud
779 3299 830 3362 ita
851 3304 956 3376 recte;
978 3320 1083 3382 neque
1106 3300 1193 3363 enim
1214 3299 1382 3364 timendi
1404 3301 1495 3382 notio
1517 3299 1603 3365 latet
1624 3301 1657 3363 in

415 3426 494 3470 voce
524 3406 722 3491 negligendi.
786 3406 851 3471 Sed
878 3406 967 3472 haud
997 3408 1133 3473 insolita
1170 3408 1323 3473 vocabuli
1361 3409 1560 3494 significatio
1594 3416 1657 3474 est:

417 3514 529 3596 „parvi
552 3513 669 3580 ducere
690 3515 834 3598 aliquid“
858 3515 914 3598 (cf.
936 3514 1047 3580 Lexic.
1071 3514 1245 3602 Georgia),
1267 3539 1364 3601 quam
1385 3517 1442 3583 illo
1465 3519 1566 3583 etiam
1586 3518 1658 3583 loco

415 3645 434 3686 a
454 3622 606 3689 Bentleio
638 3623 741 3689 allato
770 3623 880 3689 habet.
929 3623 1045 3708 Neque
1072 3625 1139 3690 alia
1161 3632 1212 3691 est
1232 3626 1263 3690 h.
1286 3627 1307 3691 l.
1329 3626 1422 3691 verbi
1444 3627 1658 3712 significatio,

416 3732 623 3817 „negligens“
654 3757 694 3788 =
723 3733 818 3817 parvi
846 3734 1035 3798 aestimans.
1094 3733 1161 3815 „Ne
1193 3735 1275 3818 qua“
1314 3741 1426 3802 autern
1461 3734 1657 3813 coniunctio,

413 3839 628 3906 antecedente
649 3840 790 3922 videndi,
811 3841 973 3921 tentandi,
995 3843 1170 3926 reputandi
1191 3843 1366 3926 vocabulo,
1387 3844 1473 3909 idem
1495 3845 1596 3924 valet,
1617 3865 1656 3908 ac

415 3970 511 4029 „num
541 3950 623 4033 qua“
656 3976 695 4005 =
725 3950 767 4015 ob
790 3958 885 4016 etwa.
909 3950 942 4033 *)
988 3987 1020 3997 -
1067 3951 1293 4036 Explicandus
1322 3954 1425 4038 igitur
1460 3961 1510 4019 est
1539 3975 1569 4017 v,
1600 3958 1654 4016 25:

414 4057 532 4137 „Parvi
554 4059 747 4138 aestimans,
776 4079 855 4123 num
884 4081 949 4143 qua
979 4058 1063 4143 (scil.
1084 4061 1194 4145 parte)
1223 4063 1362 4147 populus
1389 4062 1556 4142 laboret“;
1583 4064 1605 4125 i.
1628 4085 1654 4126 e.

412 4167 493 4247 „Pro
522 4173 686 4251 tempore,
723 4167 799 4232 dum
828 4168 937 4235 laetus
965 4190 1092 4233 mecum
1122 4171 1279 4252 versaris,
1309 4173 1377 4237 noli
1398 4174 1509 4257 magni
1536 4173 1654 4251 facere,

410 4296 574 4359 numqua
597 4325 603 4339 .
628 4325 634 4339 .
658 4325 665 4340 .
689 4277 714 4339 .“

491 4383 632 4450 Versum
655 4392 703 4448 26.
725 4385 896 4451 Bentleius
917 4389 1168 4471 interpretatur:
1196 4388 1282 4469 „noli
1305 4388 1343 4453 de
1369 4390 1508 4473 privatis
1530 4389 1598 4453 tuis
1620 4395 1655 4455 et

410 4555 442 4563 ...-

426 4644 456 4715 a)
474 4645 514 4700 Cf.
530 4643 694 4713 „videamus
711 4663 744 4699 ne
762 4646 838 4700 beate
857 4647 914 4699 vita
931 4646 999 4700 effici
1017 4645 1128 4716 possit.“
1154 4673 1187 4683 —
1204 4648 1284 4717 „qui,
1301 4665 1335 4701 ne
1354 4646 1424 4717 quod
1440 4647 1522 4702 telum
1541 4646 1654 4701 occulta-

475 4743 562 4805 retur,
590 4738 786 4808 exquirerent.“
819 4767 852 4776 --
887 4736 1076 4806 „cogitandum
1094 4740 1143 4805 sit,
1172 4755 1205 4792 ne
1222 4738 1306 4792 tutior
1327 4753 1381 4792 non
1399 4739 1459 4794 sit“
1506 4739 1560 4794 (lic.
1579 4769 1608 4777 -
1627 4757 1653 4792 v.

474 4830 588 4899 Georgis
604 4830 667 4887 Lea
