3900 5725
824 475 1033 534 4294

507 637 569 721 ,Di
590 660 642 702 me
664 645 810 718 tuentur,
832 637 882 702 dis
904 638 1012 722 pietas
1034 658 1107 702 mea

503 747 549 813 Et
569 769 663 812 musa
686 746 774 813 cordi
796 748 864 812 est“

303 859 409 924 serio
432 856 612 942 expressit,
635 857 681 920 sic
707 857 837 921 iocose
858 856 920 920 hoc
941 857 1084 920 carmine
1106 856 1300 937 illustravit,
1323 854 1408 938 quod
1428 856 1476 919 rei
1497 856 1553 919 im·

303 967 437 1052 provisa
458 965 609 1031 novitate
630 964 839 1029 vehementer
862 972 1060 1045 commotus,
1082 964 1138 1028 sed
1160 964 1304 1048 periculo
1327 950 1479 1048 prospere
1501 964 1552 1028 de·

303 1074 440 1140 functus
468 1079 746 1158 recuperatasque
775 1072 894 1138 salutis
922 1072 1006 1137 bene
1036 1072 1099 1138 sibi
1127 1074 1275 1138 conscius
1298 1072 1385 1137 domi
1407 1073 1552 1139 condidit

304 1188 407 1267 atque
436 1181 544 1246 Fusco
575 1183 697 1261 amico,
727 1182 851 1247 homini
878 1182 1003 1246 lascivo
1032 1182 1083 1246 illi
1114 1182 1244 1266 quidem
1274 1179 1330 1265 (cf.
1361 1179 1431 1246 Sat.
1460 1181 1494 1263 I,
1523 1188 1552 1263 9,

305 1297 346 1356 60
367 1288 452 1374 sq.),
481 1290 665 1375 despondit.
717 1290 846 1375 Lupum
876 1292 962 1354 enim
991 1291 1085 1354 illum
1114 1292 1251 1357 fortuito
1273 1296 1552 1375 praeterruentem

305 1405 339 1466 et
359 1405 519 1483 tanquam
541 1405 631 1464 metu
660 1406 778 1483 poetae
807 1400 1019 1483 perterritum
1048 1400 1203 1462 inermem
1233 1420 1267 1463 se
1291 1396 1418 1478 fugisse
1444 1399 1552 1483 lepide

303 1508 402 1594 fingit
421 1507 590 1573 Horatius.
652 1508 701 1573 Ea
725 1515 775 1574 est
796 1528 875 1574 vera
898 1509 1051 1572 carminis
1073 1509 1181 1593 origo,
1211 1529 1252 1572 ex
1273 1510 1441 1574 occasione
1468 1510 1552 1574 forte

305 1615 411 1683 allata
431 1616 580 1700 profecti.

365 1749 496 1827 ·Quam
524 1751 553 1814 si
580 1757 772 1834 reputamus
793 1750 912 1815 Horati
935 1751 1201 1829 commotionem,
1224 1751 1463 1836 cogitationum
1484 1773 1553 1835 per·

308 1879 407 1944 quam
428 1860 537 1924 facilis
560 1865 610 1925 est
633 1879 747 1924 cursus
768 1880 873 1943 neque
896 1861 1025 1944 uspiam
1047 1860 1122 1923 filus
1145 1859 1316 1943 abruptus.
1369 1858 1462 1936 Quae
1484 1882 1553 1924 sen-

306 1968 414 2036 tiebat
436 1974 470 2034 et
493 1967 676 2053 cogitabat,
708 1968 841 2033 deorum
867 1969 967 2032 semel
993 1975 1162 2053 expertum
1191 1967 1456 2034 benevolentiam
1483 1970 1553 2034 ubi·

307 2096 434 2162 cunque
456 2097 606 2141 securum
628 2099 661 2141 se
684 2075 843 2141 confidere
866 2097 978 2142 eorum
1000 2076 1134 2156 auxilio,
1157 2083 1301 2142 extremo
1324 2079 1466 2142 carmine
1488 2101 1552 2142 non

237 2247 240 2254 .
307 2185 498 2251 distincte
528 2185 657 2269 quidem
684 2191 717 2251 et
745 2185 891 2250 iterum
919 2185 1029 2251 verbis
1055 2184 1215 2251 indicavit
1242 2193 1351 2270 poeta.
1401 2185 1466 2251 Sed
1496 2208 1552 2250 cur

306 2293 444 2360 fecerit?
486 2293 574 2358 Num
602 2301 673 2360 tam
700 2294 785 2358 male
815 2300 953 2359 noverat
982 2294 1142 2360 Horatius
1174 2294 1318 2358 Fuscum
1344 2301 1403 2360 aut
1425 2295 1552 2359 Fuscus

306 2401 504 2469 Horatium?
536 2402 635 2467 Haud
657 2402 755 2467 dubie
777 2402 863 2467 alter
885 2404 1027 2467 alterum
1049 2404 1170 2487 optime
1192 2403 1402 2487 intelligebat
1425 2424 1463 2468 ac
1484 2424 1553 2487 per·

307 2509 479 2596 spiciebat.
521 2545 549 2555 -
575 2511 692 2576 Latet
720 2511 822 2576 etiam
851 2512 1041 2576 securitatis
1067 2512 1157 2577 notio
1180 2511 1289 2577 verbis
1316 2519 1433 2595 poetae
1455 2533 1553 2576 venu-

308 2625 424 2703 steque
445 2619 595 2684 versibus

509 2728 633 2809 „Dulce
654 2728 815 2793 ridentem
835 2728 985 2814 Lalagen
1007 2729 1134 2810 amabo,

506 2837 612 2903 Dulce
632 2837 839 2922 loquentem“

306 2948 439 3013 intexta
460 2953 529 3027 est,
563 2948 683 3031 quippe
713 2968 813 3031 quum
838 2949 957 3013 amoris
986 2948 1157 3014 dulcedine
1183 2949 1315 3014 minime
1349 2957 1448 3035 queat
1476 2952 1551 3032 frui,

308 3056 367 3140 qui
395 3056 485 3121 vitae
517 3056 695 3121 securitate
719 3062 818 3122 caret.
865 3057 926 3122 Est
948 3058 1053 3142 igitur
1074 3081 1152 3123 vera
1175 3065 1209 3124 et
1230 3066 1322 3125 tecta
1342 3061 1462 3126 Horati
1483 3081 1553 3124 sen-

308 3166 434 3246 tentia,
468 3187 503 3231 se
530 3165 622 3249 pium
650 3171 761 3229 vatem
788 3172 822 3230 et
851 3168 1019 3249 praesenti
1041 3167 1174 3233 deorum
1195 3168 1318 3233 auxilio
1340 3170 1462 3234 fretum
1483 3169 1552 3234 ubi·

309 3294 438 3358 cunque
458 3280 619 3339 terrarum
641 3294 736 3357 posse
757 3276 849 3358 poesi
870 3282 904 3340 et
926 3276 1038 3356 amori,
1060 3277 1148 3341 omni
1169 3277 1298 3342 abiecto
1320 3279 1412 3341 inani
1425 3280 1552 3359 timore,

224 3448 227 3455 ,
307 3381 486 3467 indulgere.
533 3381 625 3458 Quae
651 3382 824 3446 Lehrsium
846 3385 976 3467 quidem
1002 3384 1113 3468 potuit
1133 3386 1265 3470 fugere,
1293 3387 1437 3451 Fuscum
1465 3395 1552 3454 certe

307 3512 375 3559 non
396 3492 493 3577 fugit.

222 3574 228 3611 ⁹
391 3598 532 3665 Proinde
554 3601 735 3681 audiamus,
758 3602 833 3684 quid
858 3602 999 3686 amplius
1021 3602 1059 3667 de
1081 3604 1224 3668 carmine
1238 3605 1393 3671 Lehrsius
1414 3608 1553 3691 iudicet;

222 3724 228 3739 ¹·
256 3750 258 3755 -
309 3707 431 3775 etenim
452 3710 586 3774 tertiam
608 3731 735 3794 quoque
758 3713 925 3794 stropham
947 3710 1123 3797 („namque
1145 3735 1195 3777 me
1218 3714 1303 3779 silva
1325 3764 1332 3779 .
1355 3764 1361 3778 .
1385 3766 1392 3780 .
1416 3717 1459 3802 .“)
1480 3719 1552 3786 loco

221 3846 227 3909 {¹
288 3818 427 3903 movit:
457 3818 561 3899 „Dass
584 3820 631 3883 sie
653 3821 698 3883 im
719 3821 877 3885 hdchsten
901 3821 1008 3885 (trade
1032 3823 1089 3886 das
1112 3823 1290 3887 Bedenken
1310 3825 1553 3893 herausfordert

270 4016 274 4023 ι
308 3926 372 3992 mit
393 3924 466 3990 dem
486 3926 603 3992 Abfall
629 3928 685 3993 des
707 3928 813 3994 Tenes
834 3950 940 4015 gegcn
966 3931 1019 3994 dic
1047 3931 1164 3995 beiden
1187 3937 1310 4012 ersten,
1342 3933 1462 4000 darauf
1480 3935 1556 4001 darf

308 4056 386 4123 man
407 4033 574 4100 bestehen.
625 4036 683 4100 Ich
704 4037 789 4102 habe
812 4039 904 4102 nicht
926 4040 1039 4103 umhin
1062 4040 1225 4124 gel-sonnt,
1254 4042 1340 4106 mich
1368 4045 1553 4109 manclimal

307 4142 372 4209 mit
393 4144 482 4209 einer
503 4144 640 4211 Fiktion
666 4167 707 4209 zu
730 4155 935 4233 vergniigeu:
968 4149 1077 4212 Wenu
1105 4171 1137 4212 es
1168 4150 1314 4215 clcnkbar
1338 4160 1441 4233 ware,
1478 4152 1553 4218 dass

222 4232 234 4343 1
308 4250 368 4319 der
389 4250 513 4318 Schalk
534 4253 661 4318 Fuscus
682 4255 845 4335 Aristius,
873 4258 936 4319 uie
960 4258 1020 4320 uir
1041 4258 1095 4319 ihu
1120 4279 1179 4321 aue
1202 4258 1258 4322 der
1278 4267 1423 4325 neunten
1445 4260 1553 4326 Satire

306 4360 487 4448 leibhastig
507 4362 650 4442 kennen,
677 4386 741 4428 von
762 4364 871 4428 Horaz
895 4367 966 4428 ciue
988 4364 1055 4429 Ode
1078 4367 1138 4430 mit
1161 4367 1232 4429 dem
1252 4350 1407 4454 Anfange
1429 4368 1486 4433 der
1507 4389 1552 4434 cr·

307 4476 384 4539 sen
407 4471 475 4535 drei
498 4469 660 4555 Strophen
682 4473 809 4553 erhiclt,
832 4495 926 4537 wenc
950 4496 984 4537 er
1007 4475 1095 4538 daun
1116 4475 1200 4538 nach
1223 4476 1295 4541 dem
1315 4477 1553 4563 feierlichmy·

274 4612 278 4619 ·
306 4580 469 4647 storidsen
492 4578 581 4644 Fons
604 4580 660 4644 der
680 4580 798 4643 beiden
820 4589 937 4661 ersten,
959 4584 992 4644 iu
1019 4583 1162 4646 welchcn
1185 4585 1423 4673 dicPhantasie
1445 4587 1478 4650 in
1501 4587 1552 4650 die

221 4672 243 4777 3
305 4686 556 4757 nfrikanischen
592 4689 658 4752 und
688 4690 888 4754 asiatischen
923 4691 1064 4756 Wiisten
1098 4692 1165 4756 und
1194 4694 1375 4758 Wildnisse
1408 4700 1551 4759 versetzt

223 4800 245 4853 *ζ
303 4818 379 4895 yar
407 4796 469 4863 mit
493 4797 584 4862 ihren
610 4798 732 4863 deen
755 4799 821 4862 und
843 4798 964 4887 'Figcrn
986 4801 1052 4864 und
1073 4801 1228 4884 Hyanen,
1255 4823 1348 4865 wenn
1376 4824 1410 4866 er
1431 4801 1473 4867 da
1495 4804 1555 4868 auf
