3900 5725
666 256 1742 384 m

725 373 731 379 ι
759 367 768 379 -Ι
794 373 802 378 ιι
956 369 978 376 ι-

884 688 1091 746 ...40-

451 848 625 917 Vocabula
640 851 761 933 ‚,dona“
775 857 809 917 et
829 872 961 931 „severa
973 851 1133 916 “alterum
1142 850 1177 913 in
1191 849 1298 927 initio,
1320 848 1461 914 alterum
1471 848 1506 912 in
1517 848 1609 914 exitu

367 961 534 1025 enunciati
557 980 596 1024 ac
617 981 731 1048 versus
754 950 924 1025 collocata.
967 957 1018 1041 (P.
1041 958 1085 1022 II.
1107 957 1148 1022 A.
1176 959 1208 1025 Ι.
1231 957 1263 1022 b.
1287 992 1324 1003 -
1348 957 1389 1024 u.-
1412 955 1457 1040 a.)

448 1068 536 1132 Num
563 1070 667 1154 igitur
693 1068 781 1134 color
808 1068 961 1134 carminis
989 1067 1157 1132 Romanus
1185 1065 1253 1148 (vel
1281 1063 1498 1148 Horatianus)
1525 1063 1610 1130 levis

366 1183 417 1242 ost
440 1183 474 1242 et
494 1164 649 1242 fucatus?

448 1283 559 1359 Quare
576 1306 675 1369 quum
698 1284 851 1350 carminis
871 1284 1054 1350 auctoritas
1065 1282 1249 1349 Horatiana
1272 1283 1437 1349 codicibus
1459 1304 1498 1346 ao
1518 1282 1611 1348 testi·

306 1437 310 1442 -
364 1394 481 1476 moniis
513 1393 740 1477 comprobetur
774 1414 879 1476 neque
914 1393 1099 1478 argumenti
1133 1391 1385 1457 difficultatibus
1418 1392 1611 1471 infirmetur,

265 1539 267 1544 ·
363 1502 487 1566 formae
515 1523 592 1567 vero
623 1501 790 1586 elegantia
818 1500 991 1566 admodum
1022 1481 1194 1566 fulciatur:
1226 1521 1280 1566 eos
1309 1499 1457 1583 equidem
1485 1521 1610 1565 errasse

310 1681 313 1688 ¹
364 1609 523 1689 arbitror,
554 1610 610 1693 qui
639 1630 768 1674 carmen
797 1608 839 1675 ab
861 1610 1000 1675 Horatio
1023 1630 1080 1672 seu
1101 1609 1204 1675 tacite
1232 1630 1290 1673 seu
1312 1615 1423 1693 aperte
1446 1607 1610 1673 abiudica-
1670 1697 1673 1702 Ι

363 1724 491 1783 verunt.
1672 1711 1677 1734 ''

445 1826 537 1891 Haec
558 1825 669 1907 habui,
692 1848 775 1910 quae
796 1827 836 1891 de
858 1848 955 1891 carm.
977 1827 1004 1907 Ι,
1027 1833 1076 1890 22.
1099 1833 1133 1892 et
1153 1826 1216 1907 111,
1225 1834 1253 1890 8.
1277 1825 1610 1911 contraPeerlkampi

364 1941 398 2000 et
419 1934 535 1999 Lehrsi
557 1935 754 2000 sententiam
776 1935 914 2000 dicenda
936 1942 1095 2020 putarem.
1129 1936 1247 2001 Horati
1269 1936 1453 2020 singulares
1475 1935 1609 2000 suntin

364 2042 544 2107 exercenda
572 2049 644 2108 arte
672 2045 803 2127 poetica
830 2044 987 2124 virtutem
1029 2065 1134 2127 neque
1165 2029 1275 2109 tainen
1305 2065 1427 2108 errores
1456 2050 1490 2109 et
1525 2043 1610 2109 vitia

362 2172 494 2236 prorsus
523 2152 648 2231 vitata,
678 2151 735 2215 sed
762 2152 888 2217 leviora
916 2153 977 2217 illa
1000 2151 1128 2235 quidem
1151 2152 1360 2237 elegantique
1383 2152 1541 2217 orationis
1563 2171 1609 2215 or·

334 2259 339 2267 ’
362 2265 445 2325 natu
468 2258 585 2323 callide
608 2265 642 2324 et
664 2260 840 2324 artificiose
862 2266 962 2326 tecta.
976 2296 1016 2305 -
1038 2260 1196 2326 Maiorem
1216 2261 1330 2346 igitur,
1352 2282 1451 2345 quam
1472 2261 1540 2324 fere
1561 2260 1609 2339 fit,

366 2373 486 2449 poetae
515 2368 728 2452 componendi
758 2389 797 2432 ae
826 2368 971 2452 poliendi
999 2370 1064 2434 arti
1094 2374 1127 2434 et
1149 2368 1257 2434 studio
1279 2370 1314 2432 in
1335 2367 1518 2433 iudicandis
1540 2368 1611 2432 eius

237 2477 240 2486 '
364 2474 563 2548 carminibus
584 2474 793 2542 tribuendam
815 2498 885 2541 esse
907 2498 1055 2561 operam,
1083 2476 1171 2542 haud
1199 2478 1360 2544 immerito
1389 2477 1470 2541 mihi
1498 2476 1609 2541 videor

364 2582 568 2648 contendere.
956 2573 963 2595 '
