3900 5725
849 477 1056 550 ..3:3...

330 655 448 720 nekius
470 662 504 719 et
524 653 696 733 Linkerus,
719 653 902 736 exemplum
918 651 1044 737 Guyeti
1065 653 1181 734 secuti,
1203 653 1457 733 damnaverunt;
1479 655 1576 719 Lelm-

332 766 379 830 110
408 787 438 828 v.
466 769 494 825 5.
523 785 554 826 v.
583 769 632 825 16.
656 769 690 828 et
711 784 763 827 vv.
787 768 919 826 25-726.
949 762 1200 845 displicent.‚-
1232 761 1354 828 Contra
1383 763 1577 828 Wendelius

331 870 367 956 (l.
390 893 417 935 c.
439 871 484 935 H.
506 893 536 955 p.
559 869 624 952 59.)
646 871 695 935 ita
716 870 856 936 iudicat:
889 870 992 951 „Herr
1013 870 1256 956 Kannegiesser
1285 872 1345 937 hat
1365 871 1489 938 bereits
1509 871 1576 936 An·
1670 903 1673 908 ·

331 981 425 1046 muth
446 979 513 1044 und
534 978 840 1064 Schalkhaftiglreit
869 979 919 1044 als
940 979 1198 1065 Hauptvorniige
1221 979 1327 1046 dieser
1348 979 1416 1046 Ode
1439 1003 1577 1067 angege-

329 1090 411 1170 ben,
441 1089 554 1154 womit
577 1090 637 1153 wir
659 1088 751 1155 nicht
773 1088 891 1153 andere
913 1087 963 1152 als
986 1088 1240 1153 einverstanden
1262 1089 1333 1153 sein
1353 1088 1485 1154 konnen
1508 1139 1514 1153 .
1538 1139 1545 1153 .
1569 1140 1575 1153 .

330 1196 467 1282 (ibidem
488 1220 518 1281 p.
541 1195 623 1279 61.);
644 1196 727 1261 Eine
750 1194 1029 1281 Gleichartigkeit
1051 1196 1107 1260 des
1129 1196 1326 1262 Γ10111111
1348 1195 1450 1263 Stiles
1474 1197 1575 1263 durch

332 1306 384 1371 die
413 1327 517 1391 ganne
546 1304 615 1371 Ode
644 1312 743 1391 neugt
771 1327 835 1371 von
865 1305 921 1369 der
946 1304 1158 1370 technisohen
1178 1306 1424 1372 Meistcrschaft
1445 1304 1578 1372 unseres

332 1415 495 1480 Dichters.
537 1413 639 1479 Nicht
661 1412 886 1479 allenthalben
907 1414 952 1478 ist
975 1433 1010 1476 er
1031 1414 1137 1478 seinos
1153 1413 1274 1480 Stoffes
1296 1437 1331 1480 so
1352 1415 1437 1479 Herr
1458 1415 1578 1500 geblie-

331 1523 412 1601 ben,
443 1522 492 1586 als
513 1522 584 1586 hier
606 1521 672 1586 und
693 1522 786 1586 nicht
807 1522 935 1587 iiberall
955 1521 1119 1587 verdiesst
1146 1522 1335 1608 derlnhalt
1365 1546 1399 1589 eo
1422 1524 1522 1588 sohbn
1543 1523 1577 1588 in

334 1631 392 1695 das
413 1631 567 1712 Metrum,
588 1630 639 1696 als
659 1631 739 1694 hier.
782 1629 934 1694 Herrlich
954 1631 1000 1695 ist
1022 1629 1074 1695 die
1097 1628 1222 1696 Gnome
1243 1632 1296 1695 fiir
1318 1631 1382 1697 alle
1404 1631 1535 1697 Zeiten:

533 1739 648 1819 „Dona
668 1739 852 1822 praesentis
875 1759 955 1823 cape
977 1738 1088 1804 laetus
1110 1739 1208 1805 horae

530 1847 659 1931 Linque
681 1847 829 1912 severa!“

418 1954 493 2031 Qua
519 1958 554 2020 in
582 1957 676 2020 varia
706 1955 895 2040 opinionum
925 1956 1146 2040 discrepantia
1166 1963 1205 2023 ut
1227 1957 1500 2042 disceptationem
1521 1961 1579 2025 ali·

336 2086 433 2148 quam
455 2064 658 2148 probabilem
680 2065 899 2147 exquiramus,
921 2063 1057 2129 eandem
1074 2085 1172 2148 quam
1186 2087 1285 2150 supra
1299 2066 1467 2132 iudicandi
1489 2071 1578 2135 viam

333 2174 564 2259 ingrediamur.

416 2307 548 2372 Kellero
571 2313 606 2372 et
627 2306 770 2371 Holdero
791 2306 935 2372 testibus
957 2306 1084 2371 codices
1106 2329 1217 2372 omnes
1243 2329 1372 2384 carmen
1393 2310 1517 2377 habent
1539 2334 1578 2377 ac

335 2417 465 2501 quidem
486 2416 699 2500 inscriptione
723 2414 796 2496 „Ad
816 2415 1060 2481 Maecenatem“
1084 2416 1280 2500 praeditum.
1331 2403 1476 2492 Quorum
1498 2421 1578 2486 fides

334 2530 542 2591 sustentatur
563 2524 761 2590 testimoniis
783 2521 877 2588 Servi
899 2521 956 2607 (ad
976 2522 1070 2608 Virg·
1092 2523 1175 2589 Aen.
1197 2524 1299 2606 VIII,
1321 2526 1426 2609 638.),
1453 2528 1577 2595 Donati

334 2633 390 2716 (ad
412 2633 484 2698 Ter.
506 2631 589 2696 Eun.
611 2632 682 2713 HI,
704 2638 740 2712 2,
763 2629 848 2713 25.),
869 2630 1032 2696 Prisciani
1055 2629 1186 2714 (XVII,
1210 2630 1294 2715 161.)
1317 2635 1374 2716 qui
1396 2637 1578 2721 complures

332 2742 430 2806 huius
452 2742 605 2805 carminis
626 2740 714 2806 locos
737 2761 855 2823 eosque
877 2740 1078 2805 Horatianos
1101 2749 1362 2808 commemorant.
1403 2744 1577 2828 Diomedes

332 2851 568 2937 grammaticus
589 2849 624 2913 in
646 2848 797 2934 catalogo
819 2871 877 2915 suo
899 2872 929 2934 p.
942 2854 1012 2914 525.
1034 2850 1115 2914 haec
1137 2848 1232 2917 dicit:
1257 2851 1411 2933 „Prima
1433 2855 1492 2920 ode
1515 2864 1576 2922 ter·

332 2961 374 3025 tii
394 2959 472 3025 libri
494 2957 550 3041 (-
570 2958 744 3024 Diomedes
767 2958 996 3043 complectitur
1018 2980 1075 3024 111
1096 2960 1202 3044 prima
1225 2962 1369 3025 carmina
1389 2962 1445 3047 -—)
1468 2963 1578 3029 Alcai-

229 3096 232 3101 ·
333 3089 407 3133 cum
427 3073 569 3133 metrum
589 3066 709 3147 habet,
738 3067 910 3132 secunda
932 3067 991 3132 ode
1014 3066 1138 3150 („Qnid
1157 3068 1217 3133 fles
1238 3068 1371 3135 Asterie
1393 3121 1400 3134 .
1424 3121 1431 3135 .
1455 3121 1462 3135 .
1485 3073 1512 3136 .“
1539 3109 1573 3120 -

334 3177 420 3261 quod
449 3198 579 3242 carmen
608 3178 641 3241 in
672 3175 871 3242 editionibus
900 3182 950 3241 est
979 3177 1155 3261 septimum
1176 3178 1270 3243 tertii
1290 3176 1382 3261 libri)
1408 3181 1577 3265 Asclepia-

333 3286 428 3351 deum
449 3292 590 3351 metrum
611 3285 727 3365 habet,
756 3286 855 3351 tertia
877 3285 936 3349 ode
958 3285 1106 3369 („Donec
1127 3293 1243 3372 gratus
1264 3307 1353 3351 eram
1374 3288 1457 3353 tibi“
1480 3325 1520 3335 -
1542 3292 1578 3357 in

333 3393 533 3462 editionibus
563 3416 693 3459 carmen
722 3395 858 3478 nonum)
886 3394 1018 3479 Asclep.
1048 3402 1188 3460 metrum
1215 3395 1333 3477 habet,
1372 3397 1488 3476 quinta
1517 3399 1577 3464 ode

333 3503 560 3588 („Extremurn
589 3503 718 3567 Tanain
740 3552 901 3566 ......
906 3503 921 3533 “
953 3503 1049 3566 —in
1078 3503 1210 3568 edition.
1242 3524 1373 3568 carmen
1401 3505 1576 3591 decimum)

326 3614 457 3697 Asclep.
472 3619 612 3677 metrum
627 3612 756 3677 habet.“
770 3611 905 3686 —Quis
926 3635 992 3677 non
1013 3612 1105 3678 videt
1127 3634 1268 3678 errorem
1277 3613 1469 3678 Diomedis?
1490 3615 1576 3680 Eun·
1677 3690 1680 3695 ,

326 3723 466 3787 meravit
488 3721 641 3804 primam,
671 3719 863 3800 secundam,
885 3721 1036 3800 tertiam,
1058 3757 1099 3767 -
1122 3722 1271 3804 quintam
1294 3721 1392 3800 oden;
1422 3700 1576 3802 quartam

327 3832 457 3897 omnino
480 3829 650 3896 transiliit.
676 3828 789 3911 Atque
811 3830 895 3893 hanc
918 3836 1071 3912 quartam
1094 3829 1176 3895 oden
1199 3850 1330 3893 carmen
1348 3832 1449 3895 fuisse
1474 3832 1576 3912 „Mar-

326 3941 385 4006 tiis
408 3939 537 4004 caelebs
560 3987 567 4000 .
591 3987 598 4000 .
622 3936 648 4000 .“
672 3939 743 4001 sine
764 3937 834 4001 ulla
856 3937 1065 4003 dubitatione
1088 3938 1282 4004 contendere
1297 3959 1478 4022 possumus.
1500 3941 1577 4005 Kei-

326 4048 392 4112 lius
421 4053 577 4126 annotat,
607 4046 761 4111 lacunam
783 4047 884 4111 etiam
906 4068 977 4110 1111
999 4048 1034 4110 in
1055 4068 1121 4111 uno
1145 4046 1254 4112 codice
1277 4047 1444 4112 Diomedis
1467 4055 1500 4113 et
1523 4050 1576 4114 ad·

327 4154 390 4222 dit:
422 4154 572 4236 „Excidit
595 4155 770 4238 descriptio
793 4156 946 4219 carminis
968 4157 1095 4235 octavi,
1116 4154 1204 4238 quod
1226 4156 1353 4219 01111111
1376 4156 1576 4222 carminibus

328 4272 360 4345 2,
383 4271 417 4345 3,
439 4273 473 4345 4,
497 4270 532 4344 5,
555 4270 573 4327 6
596 4271 670 4347 post
690 4284 812 4328 nonum
834 4284 964 4327 carmen
986 4265 1225 4348 transpositum
1247 4286 1304 4348 pro
1328 4272 1445 4347 quarto
1468 4287 1577 4330 nume·

327 4380 436 4438 ratum
458 4374 551 4438 fuit.“
584 4409 626 4419 -
656 4370 765 4446 Quare
788 4393 888 4455 quum
909 4372 1100 4437 Diomedem
1130 4393 1236 4438 errore
1257 4396 1323 4438 non
1345 4394 1415 4438 esse
1436 4374 1576 4440 liberum

326 4485 393 4548 iam
421 4484 454 4545 in
486 4503 583 4546 carm.
612 4481 647 4562 I,
670 4488 718 4544 22.
750 4481 930 4546 ostendisse
952 4482 1033 4545 mihi
1054 4481 1175 4561 videar,
1199 4482 1268 4545 eius
1295 4482 1453 4547 addubito
1476 4491 1576 4568 atque

328 4592 521 4656 examinabo
557 4591 699 4655 tacitum
732 4591 771 4653 11
806 4591 866 4655 hoc
898 4592 1041 4653 carmine
1069 4590 1247 4670 iudicium,
1291 4591 1451 4655 rationem
1483 4592 1577 4655 illam

328 4698 456 4782 Gruppi
479 4706 627 4779 secutus,
656 4720 752 4781 quarn
775 4719 806 4781 p,
830 4704 878 4761 24.
901 4698 1044 4762 laudavi.
1074 4734 1115 4741 -
1142 4699 1292 4781 Namque
1323 4720 1422 4781 quum
1449 4708 1577 4763 veteres

222 4822 227 4881 ς
328 4809 490 4874 communi
523 4810 589 4872 fere
620 4815 719 4891 atque
747 4808 913 4873 constanti
936 4808 1102 4872 sententia
1124 4807 1262 4871 Horatio
1285 4828 1414 4871 carmen
1436 4807 1578 4872 vindica·

1257 4915 1276 4970 3
