3900 5725
906 463 1093 545 ’.ῤ’-ὰ

461 647 534 725 Quo
564 654 598 715 et
626 649 785 715 orationis
812 655 846 715 et
873 649 1001 714 numeri
1028 655 1148 715 ornatu
1173 632 1272 732 podta
1300 670 1400 733 quum
1430 649 1535 715 totius
1556 627 1614 729 rei,

377 765 449 824 tum
478 757 681 844 singularum
712 758 951 843 cogitationum
980 777 1019 823 ac
1048 761 1194 823 motuum
1227 757 1403 829 artificiose
1432 758 1526 824 auxit
1547 757 1614 824 vim

378 874 480 951 atque
500 868 663 934 bonorem.

460 975 573 1041 Habes
594 976 714 1044 Horati
734 975 882 1061 proprias
903 975 1061 1056 virtutes,
1087 996 1227 1060 magnas
1251 974 1328 1042 illas
1348 981 1450 1059 atque
1472 972 1614 1058 siugula-

378 1106 439 1149 res.
465 1082 555 1159 Quid
574 1084 680 1170 igitur
698 1085 736 1149 in
755 1082 940 1150 iudicandis
961 1084 1032 1148 eius
1053 1082 1252 1154 carminibus
1272 1084 1446 1168 praecipue
1467 1088 1615 1167 spectan-

379 1192 479 1257 dum?
502 1191 593 1267 Quas
614 1192 749 1262 taudem
767 1190 1009 1277 interpretandi
1026 1190 1174 1264 rationes
1196 1212 1242 1256 ex
1254 1212 1383 1258 summa
1393 1189 1614 1266 conformandi

379 1300 711 1386 atquepoliendiarte
732 1300 891 1376 mendas
904 1321 974 1366 esse
987 1298 1299 1374 existimasP—-Illa
1321 1298 1451 1383 quidem
1471 1305 1615 1366 tractan-

378 1409 491 1480 dorurn
513 1410 693 1475 carminum
713 1410 769 1474 via
791 1410 923 1506 minime
943 1416 1037 1475 recta
1061 1409 1145 1474 mihi
1172 1409 1319 1489 videtin,
1348 1430 1446 1493 quam
1471 1410 1548 1492 quis
1568 1410 1614 1474 in-

378 1539 508 1603 gressus
539 1524 788 1604 „argumentum
816 1517 1043 1585 tantummodo
1074 1524 1107 1584 et
1133 1519 1315 1586 mutantias
1331 1524 1482 1601 spectat,
1508 1538 1614 1603 gram·

377 1618 516 1693 matioas
536 1627 627 1713 leges
647 1626 802 1710 inquirit,
835 1627 870 1691 in
892 1625 1116 1691 examinandis
1144 1624 1364 1709 rimandisque
1386 1625 1525 1711 singulis
1546 1646 1615 1692 vcr-

378 1735 430 1800 bis
452 1756 584 1820 operam
606 1733 758 1815 collocat,
779 1734 959 1813 bobonum
980 1734 1138 1804 varietati
1147 1735 1339 1807 immoratur
1350 1739 1518 1819 artemque
1529 1756 1616 1800 exer·

306 1857 317 1874 ·
378 1851 431 1910 cet
453 1843 629 1909 criticam.“
675 1844 715 1908 of.
736 1842 855 1928 flagei.
883 1879 925 1890 —
955 1842 1131 1918 Probanda
1155 1841 1237 1908 haec
1261 1842 1386 1923 omnia,
1411 1863 1516 1926 neque
1537 1854 1614 1909 vero

377 1953 477 2017 nimis
506 1960 566 2019 aut
591 1951 665 2018 sola
690 1952 835 2036 petenda
852 1949 949 2017 sunt.
998 1949 1086 2025 Quin
1107 1951 1209 2021 etiam
1229 1950 1448 2036 vituperanda
1468 1952 1548 2018 mibi
1571 1954 1615 2017 vi·
1692 1945 1694 1952 ’

378 2060 474 2129 detur
493 2060 575 2126 haec
595 2060 698 2141 rufio,
725 2060 754 2124 si
775 2060 916 2134 alteram,
935 2059 1107 2139 excludat,
1137 2080 1220 2143 quae
1241 2059 1276 2123 in
1297 2060 1419 2125 formae
1440 2067 1614 2126 venustate

330 2235 337 2253 ,
378 2175 478 2253 atque
506 2168 688 2235 virtutibus
716 2176 876 2236 versatur.
931 2168 1082 2251 Namque
1110 2169 1181 2253 ipse
1210 2175 1309 2252 poeta
1331 2169 1495 2234 erationis
1521 2191 1614 2253 prae-

378 2278 525 2344 stantiae
554 2279 730 2344 maximam
756 2300 793 2344 se
821 2277 967 2346 tribuere
993 2277 1196 2364 gravitatem
1223 2298 1446 2360 summanrque
1473 2299 1614 2345 navasse

378 2408 509 2471 operam
530 2386 633 2454 libere
654 2388 820 2471 professus
837 2393 902 2454 est.
946 2387 986 2450 cf.
1010 2407 1063 2462 ara
1084 2393 1179 2473 poet.⁴
1195 2408 1225 2448 v.
1247 2392 1301 2453 47:

578 2495 728 2577 „Dixeris
750 2497 890 2581 egregie,
910 2502 1026 2561 notum
1048 2495 1077 2569 si
1098 2493 1375 2570 subdendum

576 2604 768 2671 Reddiderit
788 2605 942 2670 iunctura
962 2602 1112 2669 novum.“
1339 2587 1342 2591 ⁴

378 2736 430 2778 vv.
454 2720 625 2779 2400243.

579 2823 648 2906 „Ex
669 2829 747 2891 noto
768 2823 881 2889 fictum
903 2843 1033 2888 carmen
1055 2841 1182 2906 sequar,
1204 2827 1242 2886 ut
1264 2820 1328 2886 sibi
1350 2822 1457 2906 quivis

576 2932 693 3018 Speret
714 2931 808 3013 idem,
831 2931 927 2997 sudet
948 2931 1090 2996 multum
1111 2931 1298 3014 frustraque
1318 2930 1448 2998 laboret

482 3091 484 3095 .
575 3041 687 3120 Ausus
709 3042 810 3123 idem3
831 3048 986 3107 tantum
1007 3041 1130 3105 series
1151 3040 1418 3123 iuncturaque
1439 3039 1587 3123 pollet,

571 3150 743 3218 uantum
765 3151 808 3215 de
829 3141 960 3215 medio'
983 3150 1151 3232 sumptis
1173 3147 1328 3214 accedit
1349 3148 1541 3214 honoris.“

378 3281 431 3324 vv,
454 3266 626 3325 use—294.

578 3370 664 3452 „Nec
685 3370 810 3435 virtute
829 3369 917 3434 foret
936 3367 1077 3432 clarisve
1098 3365 1267 3450 potentius
1288 3365 1387 3438 armis

577 3477 683 3553 Quam
703 3478 818 3564 lingna
839 3477 989 3556 Latium,
1012 3477 1044 3542 si
1065 3498 1140 3540 non
1162 3471 1384 3539 offenderet
1405 3494 1518 3538 unum

577 3585 778 3671 Quemque
798 3592 1003 3671 poctarum
1023 3584 1139 3648 limae
1160 3583 1272 3648 labor
1294 3589 1333 3648 et
1353 3604 1466 3648 mora.
1492 3581 1571 3663 Vos,
1593 3606 1611 3649 o

575 3694 758 3780 Pompilius
780 3695 924 3781 sangnis,
947 3714 1099 3759 carmen
1120 3690 1398 3776 reprehendite
1420 3691 1519 3775 quod
1539 3714 1612 3758 non
1729 3781 1734 3786 Ι

574 3803 702 3872 Multa
723 3803 806 3870 dies
827 3811 866 3869 et
887 3802 1012 3868 multa
1031 3802 1160 3869 litura
1183 3801 1359 3866 coercuit
1381 3806 1500 3885 atque

575 3912 801 3979 Perfectum
822 3912 949 3977 decies
970 3898 1043 3978 non
1065 3909 1286 3996 castigavit
1307 3907 1353 3974 ad
1374 3910 1567 3995 unguem.“

459 4022 509 4086 En
531 4022 639 4107 ipsum
659 4021 779 4087 Horati
799 4021 965 4103 iudicium,
988 4042 1028 4085 en
1050 4041 1176 4085 summa
1198 4019 1267 4083 eius
1287 4018 1322 4082 in
1344 4016 1523 4084 scribendis
1545 4040 1611 4084 car-

376 4131 519 4196 minibus
539 4132 635 4197 ratio.
658 4129 753 4207 Quod
773 4129 859 4196 idem
881 4128 1106 4204 Quintilianus
1127 4134 1272 4194 testatur
1291 4127 1313 4192 1.
1336 4125 1379 4208 X,
1401 4135 1429 4208 1,
1451 4133 1506 4192 96:
1531 4127 1611 4213 „Ly-

375 4241 516 4306 ricorum
536 4240 622 4306 idem
642 4240 801 4306 Horatius
823 4240 890 4304 fere
917 4224 1006 4303 solus
1033 4238 1101 4322 legi
1129 4237 1256 4322 dignus.
1306 4235 1393 4300 Nam
1414 4241 1448 4302 et
1468 4236 1611 4322 insurgit

377 4349 553 4433 aliquando
576 4355 610 4416 et
630 4349 747 4434 plenus
769 4354 821 4414 est
841 4346 1059 4413 iucunditatis
1081 4353 1115 4411 et
1137 4346 1265 4430 gratiae
1293 4350 1326 4411 et
1356 4345 1480 4410 variis
1506 4345 1610 4430 figu-
1684 4384 1687 4389 -

375 4460 430 4523 ris
453 4465 491 4524 et
512 4457 641 4523 verbis
662 4456 898 4522 felicissime
919 4454 1077 4521 audax.“

459 4566 554 4644 Quod
574 4573 720 4650 poetae
742 4565 887 4631 studium
909 4563 950 4631 ab
973 4564 1038 4644 eis,
1068 4562 1124 4646 qui
1146 4563 1325 4627 carminum
1350 4568 1439 4629 recte
1467 4560 1610 4627 iudican-

301 4695 304 4700 '
376 4678 489 4744 dorum
509 4677 691 4762 periculum
712 4676 826 4755 fecere,
848 4672 954 4738 adhuc
976 4673 1063 4737 iusto
1083 4671 1159 4756 pius
1169 4670 1356 4756 neglectum
1373 4691 1443 4735 esse
1459 4670 1609 4735 arbitror.

375 4787 545 4874 Agnosco,
570 4783 835 4867 Peerlkampium
856 4788 890 4847 et
911 4779 1084 4845 Lebrsium
1104 4779 1143 4843 de
1163 4779 1301 4844 Horatio
1322 4779 1405 4844 bene
1427 4799 1496 4843 esso
1518 4781 1609 4843 meri-
