3900 5725
895 703 1102 766 „33..

377 861 564 937 domesticis
582 870 727 955 'negotiis
748 871 884 936 nimium
897 868 1077 954 providere,
1099 868 1166 933 noli
1189 867 1229 932 de
1249 886 1284 930 re
1305 865 1461 930 familiari
1482 863 1622 927 nimium

378 985 528 1046 attentus
549 985 650 1062 atque
672 979 788 1043 auxius
810 978 908 1043 esse.“
942 1013 981 1022 —
1011 975 1118 1053 Quam
1147 974 1346 1040 sententiam
1375 973 1433 1037 uni
1459 971 1621 1038 vocabulo

380 1087 566 1172 „privatus“
599 1088 657 1153 vix
687 1087 870 1153 subiectam
899 1107 969 1151 esse
1000 1085 1150 1150 arbitror.
1201 1082 1266 1148 Sed
1288 1088 1338 1146 est
1360 1080 1428 1147 alia
1448 1079 1621 1145 verborum

378 1193 555 1280 explicatio
576 1196 611 1259 in
632 1201 794 1280 promptu.
808 1231 850 1243 —
872 1193 1059 1273 Quaeritur,
1081 1192 1159 1275 quid
1181 1192 1226 1257 sit
1250 1190 1447 1275 „Privatus.“
1471 1225 1510 1233 -
1532 1188 1621 1254 Orel-

375 1301 452 1384 lius,
473 1303 634 1383 Ritterus,
655 1303 938 1388 Dillenburgerus,
958 1300 1125 1366 Hoechius
1148 1299 1275 1382 („R6m.
1291 1298 1427 1364 Gesch.“
1445 1298 1472 1378 I,
1492 1319 1524 1382 p.
1536 1296 1622 1380 312),

377 1412 436 1476 alii
463 1418 587 1496 negant
617 1411 844 1478 Maecenatem
867 1412 1075 1495 „praefectum
1103 1409 1178 1473 urbi
1198 1429 1344 1491 unquam
1364 1408 1481 1486 fuisse;
1510 1427 1623 1471 curam

375 1527 483 1586 rerum
501 1519 647 1584 civilium
670 1527 764 1586 extra
785 1520 930 1586 ordinem
952 1539 972 1582 a
994 1517 1134 1583 Caesare
1155 1517 1333 1601 accepisse;
1357 1517 1457 1582 ctiam
1473 1515 1621 1581 modesto

337 1695 339 1698 .
375 1629 499 1713 privati
528 1625 657 1693 nomine
685 1629 792 1712 ipsum
820 1624 1046 1693 Maecenatem
1076 1625 1240 1691 interdum
1268 1625 1307 1689 de
1337 1646 1371 1689 se
1407 1644 1504 1689 usum
1540 1644 1621 1689 essa.

375 1735 430 1804 Ad
457 1737 539 1800 haec
567 1737 676 1801 omnia
704 1738 957 1823 confugiendum
986 1757 1056 1800 esse
1085 1756 1149 1800 non
1179 1755 1303 1800 censeo.
1355 1732 1496 1799 Constat
1525 1735 1622 1815 enim,

374 1833 601 1911 Maecenatem
621 1843 719 1910 rebus
740 1847 882 1929 publicis
904 1867 1016 1911 curam
1037 1844 1194 1911 tribuisse
1217 1863 1315 1926 quam
1342 1842 1534 1923 maximam3
1563 1863 1623 1908 cur

375 1954 509 2020 tandem
531 1953 651 2019 dixerit
660 1954 820 2019 Horatius
843 1954 957 2036 „mitte
980 1953 1094 2017 civiles
1116 1965 1214 2035 super
1234 1951 1316 2015 urbe
1338 1949 1451 2015 curas“
1475 1948 1521 2032 (v.
1534 1949 1620 2036 lm?

320 2055 326 2066 ’
374 2061 441 2127 aad
461 2061 523 2127 hoc
543 2061 627 2126 nihil
649 2061 692 2127 ad
712 2079 789 2127 rem.
832 2061 921 2127 Vera
942 2068 1061 2145 poetae
1083 2062 1249 2127 sententia
1270 2060 1351 2125 haec
1372 2060 1452 2124 mihi
1474 2060 1620 2126 videtur:

378 2170 570 2253 ,Privatum
590 2177 625 2236 te
646 2191 733 2235 nunc
753 2178 852 2256 puta,
881 2172 1001 2250 amice,
1030 2176 1204 2254 totumque
1224 2175 1259 2235 te
1279 2168 1360 2234 mihi
1386 2168 1494 2247 tradc;
1524 2169 1621 2235 mitte

373 2279 524 2363 paulum,
555 2278 631 2343 dum
653 2279 881 2361 convivamur,
909 2279 1024 2344 civiles
1046 2278 1176 2344 curao!“
1201 2312 1242 2322 -
1262 2278 1413 2361 Namque
1438 2298 1553 2363 „Parce
1574 2279 1621 2342 ni·

373 2389 475 2453 mium
495 2388 631 2453 cavere“
655 2394 706 2454 est
730 2389 816 2469 „noli
838 2389 974 2482 nimium
996 2384 1305 2470 novercam-sed
1327 2387 1381 2451 cui
1402 2386 1539 2452 cavere?
1559 2385 1621 2454 Po·

374 2496 467 2581 pulo!
488 2496 602 2561 Facile
611 2498 836 2581 unusquisque
846 2518 886 2561 ex
893 2496 1115 2581 superioribus
1122 2496 1231 2560 verbis
1246 2495 1435 2581 „negligens
1442 2517 1484 2560 ns
1493 2517 1560 2580 qua
1566 2519 1621 2581 po-

374 2605 472 2689 pulus
486 2605 634 2671 laboret“
648 2604 734 2671 hunc
756 2605 906 2671 dativum
926 2612 1036 2670 mente
1058 2604 1159 2670 addit.
1188 2604 1346 2672 Extrema
1353 2605 1457 2690 igitur
1466 2606 1621 2671 carminis

375 2714 510 2798 'stropha
529 2715 759 2797 repetitionem
781 2714 1011 2798 complectitur
1032 2713 1272 2780 adhortationis
1296 2714 1411 2795 ,mitte
1433 2714 1547 2780 civiles
1569 2735 1622 2780 cu·

373 2822 445 2888 ras“
469 2819 514 2904 (v.
539 2820 603 2905 17.)
625 2843 762 2908 eamque
784 2824 998 2909 aptissimam.

458 2957 584 3024 Ueteris
604 2954 813 3042 Peerlkampi
834 2960 1036 3046 argumentis
1057 2959 1202 3025 breviter
1222 2959 1432 3045 respondebo·
1448 2995 1476 3006 -
1497 2959 1621 3041 „Quae

374 3086 445 3131 rere
466 3062 566 3147 libet,
595 3088 637 3131 an
659 3089 726 3132 una
746 3068 827 3133 hacc
850 3089 950 3135 coena
971 3075 1101 3134 tantam
1122 3068 1269 3154 postulet
1289 3069 1556 3155 negligentiam.“
1580 3103 1621 3115 -

376 3171 464 3250 Quid
484 3174 567 3239 hoc?
597 3174 767 3258 Quanta,
797 3199 934 3262 quaeso,
964 3185 1016 3243 est
1036 3177 1170 3243 tandem
1191 3178 1394 3245 Maecenatis
1414 3179 1621 3265 negligentia

373 3288 433 3348 aut
455 3290 645 3365 quantam
666 3285 824 3352 Horatius
846 3287 953 3353 voluit
974 3287 1071 3351 esse?
1113 3287 1330 3374 Negligeutia
1351 3289 1454 3353 maior
1474 3289 1621 3354 minorve

372 3390 456 3455 nihil
475 3391 519 3456 ad
539 3413 621 3472 rem3
650 3414 791 3478 numque
812 3402 851 3462 ut
871 3397 1053 3481 paullisper
1080 3418 1240 3482 prorsus
1268 3397 1484 3463 obliviscatur
1510 3418 1619 3463 rerum

373 3499 536 3581 civilium,
564 3502 723 3591 Horatius
744 3506 886 3570 amicum
906 3513 1017 3572 monet
1038 3505 1094 3589 (cf.
1116 3528 1146 3569 v.
1170 3503 1326 3587 27-28.).
1415 3504 1619 3590 Omninoque

373 3609 559 3695 intelligere
579 3631 715 3695 nequeo,
738 3634 803 3697 qua
823 3615 958 3680 tandem
978 3616 1013 3678 in
1034 3635 1068 3679 re
1089 3615 1226 3681 haereat
1238 3614 1496 3700 Peerlkampius,
1518 3637 1618 3699 quum

374 3716 468 3784 dicit:
500 3718 664 3804 „Populus
685 3721 861 3789 laborabat
882 3724 1025 3803 scilicet,
1048 3724 1076 3788 si
1097 3724 1272 3789 Maecenas
1293 3746 1351 3808 per
1372 3725 1469 3790 horas
1490 3725 1619 3810 aliquot

371 3827 519 3893 mitteret
555 3849 651 3894 curas
689 3831 837 3895 civiles.“
904 3830 1049 3906 Quorum
1083 3832 1257 3897 verborum
1295 3833 1444 3916 equidem
1480 3856 1619 3900 acumen

373 3942 483 4000 mente
504 3958 569 4002 non
593 3940 755 4022 concipio;
777 3960 882 4022 neque
904 3941 989 4004 enim
1010 3947 1156 4026 tangunt
1170 3941 1353 4022 Horatium,
1377 3943 1469 4008 cuius
1491 3950 1617 4009 senten·

373 4044 454 4109 tiam
475 4043 723 4130 Peerlkampius
744 4070 808 4112 non
830 4050 1006 4132 perspexit.
1040 4050 1175 4114 Minime
1198 4053 1337 4116 curabat
1358 4058 1456 4135 poeta
1478 4055 1618 4138 populi

371 4151 531 4232 lahorem,
569 4174 682 4237 quem,
718 4157 744 4220 si
777 4157 850 4239 quis
881 4163 967 4236 erat,
1003 4159 1148 4222 minuere
1180 4180 1240 4224 nec
1269 4160 1376 4225 voluit
1404 4182 1465 4226 nec
1498 4165 1617 4246 potuit.

241 4272 244 4277 '
371 4260 617 4328 Maecenatis
645 4284 760 4330 curas
791 4287 849 4349 per
881 4266 978 4332 horas
1007 4267 1134 4350 aliquot
1165 4267 1326 4351 depellere
1356 4271 1521 4353 eiusque
1550 4273 1617 4336 ani·

371 4389 458 4432 mum
482 4370 639 4437 studebat
659 4371 786 4452 levare,
815 4373 848 4439 id
871 4376 956 4458 quod
976 4375 1060 4441 benc
1083 4398 1117 4441 se
1140 4383 1389 4443 consecuturum
1416 4401 1503 4460 esse,
1531 4380 1617 4447 bono

372 4478 480 4542 animo
502 4480 666 4562 sperabat.

454 4603 504 4668 Ea
525 4610 576 4669 cst
597 4605 711 4689 inepta
733 4614 767 4672 et
788 4608 896 4674 futilis
910 4609 1119 4694 Peerlkampi
1141 4574 1428 4696 contentioneque
1445 4622 1524 4682 noto
1546 4617 1617 4683 eius

371 4711 520 4775 acumine
542 4712 651 4798 digna.

452 4818 588 4903 Restat,
618 4831 656 4888 ut
685 4823 725 4889 de
754 4827 859 4892 forma
885 4829 1038 4894 carminis
1066 4851 1171 4913 pauca
1194 4829 1317 4910 dicam,
1348 4832 1433 4916 quod
1457 4834 1616 4913 „colorem

352 5080 365 5105 0
403 5052 432 5119 ἃ)
450 5051 491 5111 Ol.
507 5052 584 5127 Virg.
602 5057 669 5113 Aen.
688 5056 799 5126 111,42.
817 5075 912 5140 „parce
930 5061 989 5134 pias
1007 5063 1135 5118 scelerare
1152 5064 1271 5120 manus.“
